4109 5767
545 236 614 313 442
954 280 957 285 -
1025 264 1104 299 rurus
1123 264 1211 300 norm

653 458 698 525 Et
720 479 853 525 mensae
875 480 942 524 non
964 459 1151 524 immensae.
1175 456 1306 524 Servire
1329 477 1461 523 necesse
1483 464 1533 522 est
1571 448 1579 510 J
1635 470 1640 480 ·

708 564 765 635 Sic
788 567 897 634 ventri
920 576 952 633 et
975 564 1152 655 stomacho,
1175 565 1223 633 sio
1244 563 1322 632 licet
1345 586 1447 655 usqne
1469 562 1574 653 gulae

576 662 579 673 ¹
651 674 700 741 Ut
721 676 804 741 bene
827 676 869 742 ait
891 674 1000 759 uobis;
1022 686 1175 741 naturam
1197 674 1334 763 quisque
1356 682 1523 761 sequatur:

573 805 621 850 ιο.
706 782 773 865 Qui
797 783 882 850 vivit
904 782 1041 871 medice,
1064 784 1178 852 vivere
1201 780 1274 851 vult
1295 780 1431 849 modice.

1087 977 1151 1045 IX.

1009 1108 1052 1157 De
1070 1108 1203 1157 ebrietate
1209 1104 1228 1158 ¹.

656 1210 841 1298 Argentum
863 1209 956 1278 faber
978 1220 1076 1299 aque
1099 1232 1216 1277 aurum
1239 1208 1400 1276 diiudicat
1421 1210 1505 1299 igni:

709 1318 788 1408 Ipsa
810 1317 979 1385 hominum
1002 1341 1108 1387 mores
1132 1318 1253 1408 detegit
1276 1318 1425 1385 ebrietas.

656 1426 814 1515 Quaeque
836 1426 894 1493 diu
917 1438 984 1496 toto
1006 1430 1089 1495 vitia
1112 1427 1350 1496 occultavimus
1375 1448 1466 1515 aevo,

711 1536 804 1602 Haec
827 1558 894 1603 una
915 1537 999 1603 finnt
1020 1537 1177 1605 ebrietate
1199 1535 1317 1626 palam.

1099 1729 1143 1795 X.

807 1856 839 1906 ln
858 1852 1018 1922 quendam'
1035 1858 1141 1921 largius
1160 1872 1191 1907 aa
1209 1857 1433 1922 ingurgitantem.

654 1942 797 2026 Pulcher
819 1984 854 2028 ea
876 1962 1009 2051 ingenio
1032 1962 1243 2051 pulchrisque
1266 1984 1301 2027 es
1324 1961 1481 2047 moribus3
1505 1960 1594 2027 idem

708 2068 827 2135 Editus
850 2093 886 2137 es
908 2068 1054 2159 pulchris
1078 2071 1246 2159 sanguiue,
1269 2080 1375 2158 gente,
1399 2069 1503 2136 domo.

655 2178 699 2243 Et
721 2177 867 2266 pulchris
890 2178 1014 2267 gaudes
1038 2178 1164 2246 studiis.
1195 2179 1286 2245 Haec
1308 2178 1454 2268 pulchra,
1477 2178 1627 2268 sepultus

708 2286 797 2351 Vino
820 2307 897 2353 cum
920 2288 1038 2374 stertis,
1060 2286 1248 2375 turpificata
1269 2288 1386 2354 iacent

596 2412 622 2458 a.
653 2391 795 2460 Cernere
818 2394 847 2458 si
868 2392 968 2459 liceat
988 2394 1050 2475 tibi
1073 2404 1105 2461 te
1127 2417 1185 2483 por
1206 2395 1287 2461 vina
1308 2395 1477 2480 iacentem,

710 2498 809 2564 Haud
831 2510 899 2565 toto
921 2501 1011 2567 vitae
1033 2510 1176 2589 tempore
1198 2502 1279 2568 vina
1301 2501 1404 2567 bibes.

1085 2692 1147 2757 XI.

1017 2819 1060 2868 De
1078 2815 1228 2885 quodam'.

655 2922 721 2990 Hic
743 2924 828 2991 iacet
850 2924 1022 3017 haqayiis⁴
1044 2923 1136 2993 lurco
1158 2923 1214 2992 ille
1237 2925 1381 2993 voratior
1403 2923 1488 3012 ullis,

708 3031 815 3114 Quem
838 3033 915 3101 tulit
937 3032 1116 3101 humanum
1140 3057 1227 3100 mora
1250 3035 1404 3101 miserata
1426 3056 1545 3122 genus:

656 3139 690 3208 Si
714 3141 780 3207 duo
802 3143 940 3210 vixisset
961 3140 1015 3209 vel
1038 3152 1106 3209 tres
1128 3143 1317 3230 longaevior
1339 3163 1451 3229 annos,
1556 3164 1559 3171 ·

708 3250 755 3315 Ut
778 3250 978 3337 comedebat,
1000 3261 1070 3317 erat
1094 3260 1184 3317 certa
1206 3250 1319 3317 sutura
1342 3250 1454 3317 fames.

597 3377 624 3421 a.
654 3354 750 3438 Quod
774 3367 898 3445 potarat
922 3369 1045 3446 septem
1068 3359 1147 3423 satis
1170 3380 1241 3424 ease
1263 3356 1440 3425 Milonibns
1462 3355 1548 3423 illud

709 3464 872 3531 Lurconis
894 3466 1002 3533 ventri
1024 3488 1090 3532 non
1113 3463 1315 3536 satisluins
1338 3475 1416 3533 erat.

656 3570 730 3637 Nou
753 3592 853 3657 mare,
875 3593 941 3637 non
964 3572 1071 3659 tellus,
1093 3594 1244 3639 escarum
1266 3594 1334 3638 uon
1356 3573 1436 3639 satis
1458 3572 1570 3640 aether

709 3678 798 3744 Huic
820 3678 949 3745 habuit:
973 3678 1037 3745 fuit
1059 3678 1137 3745 huic
1160 3678 1252 3745 nulla
1275 3678 1385 3745 culina
1408 3680 1498 3747 setis.
1622 3683 1625 3689 '

656 3990 664 4021 ¹
685 3994 743 4043 Hoc
762 3994 930 4059 epigramma
947 3993 989 4044 bis
1008 3993 1109 4061 legitur
1127 4002 1155 4045 et
1172 3994 1200 4045 in
1219 3992 1297 4045 ossol.
1317 3992 1372 4060 (με.
1394 3990 1436 4058 17ῑ
1455 3988 1519 4059 264)
1537 3992 1607 4045 etin
1619 4008 1697 4046 corn.

548 4079 604 4147 (pff.
625 4080 692 4145 1633
710 4079 782 4144 342).

658 4166 745 4221 'Osa
765 4168 817 4222 201
841 4192 866 4214 n
890 4186 962 4223 corn.
981 4169 1043 4223 301.

658 4255 669 4287 ⁸
687 4258 764 4310 Corn.
784 4257 827 4313 40.

657 4346 736 4400 ‘Ma
757 4348 888 4415 „Arpiis“.
