4109 5767
894 769 1028 806 anconam.
1464 749 1530 814 239

498 963 620 1029 Poenla
642 972 730 1029 stant
752 971 878 1044 eontra3
901 983 1027 1027 vaeuus
1050 960 1155 1044 loeus3
1177 959 1293 1048 hospes
1316 959 1423 1027 abisse

497 1069 663 1136 Convivas
686 1078 808 1134 maeret
830 1090 1022 1154 mensasque
1045 1076 1152 1132 astare
1173 1066 1312 1132 relictas.

499 1174 568 1238 Nee
591 1175 700 1238 minus
723 1173 791 1256 hos,
814 1174 898 1237 inter
921 1195 1000 1258 quos
1024 1181 1089 1236 stat
1111 1171 1248 1236 victoria
1270 1191 1401 1236 mensae

500 1275 685 1362 Gloriaque,
706 1276 824 1340 immiti
848 1276 940 1340 iuvat
963 1275 1133 1360 indulgere
1154 1271 1258 1364 lyaeo.

398 1403 464 1446 rro.
589 1381 676 1466 Ergo
700 1379 789 1444 velut
810 1402 923 1444 mensa
946 1379 1085 1444 bibitum
1109 1377 1189 1442 nihii
1213 1388 1297 1444 esset
1319 1379 1353 1442 in
1376 1377 1442 1461 illa,

501 1485 635 1572 Impigri
659 1506 788 1550 rursum
812 1485 978 1573 aooipiunt
1001 1484 1146 1570 ingentia
1168 1483 1284 1550 dextra

500 1592 630 1679 Pocula,
654 1592 907 1680 distinetumque
930 1590 1056 1658 ahoris¹
1081 1600 1215 1678 oratura,
1239 1613 1369 1658 movere

502 1702 608 1781 Quam
632 1723 771 1790 noqums
795 1710 930 1790 utrmque
953 1723 1062 1767 ranna.
1088 1699 1203 1768 Bibere
1226 1723 1328 1790 usque
1350 1699 1410 1767 sub
1428 1700 1531 1766 imum

500 1808 615 1876 Ardua
638 1831 702 1877 res:
725 1810 832 1900 penei,
855 1810 959 1878 laetus
982 1833 1064 1900 quos
1088 1808 1237 1877 iiaeehus
1260 1811 1391 1896 amam,

399 1938 466 1984 rra.
501 1919 713 1986 Sauromatae
736 1930 877 2010 potuere.
907 1919 965 1988 Sui
989 1943 1041 1987 ros
1065 1943 1146 1986 ausa
1168 1917 1288 1986 laboris

503 2023 652 2092 Praemia
674 2049 794 2113 magna
817 2026 894 2092 olim
918 2027 1078 2093 monaeho
1100 2025 1187 2110 tuiit3
1210 2025 1319 2092 hausit
1341 2027 1376 2092 in
1399 2024 1502 2092 altum

502 2131 673 2198 Sublatam
697 2143 823 2200 erotem
846 2155 910 2200 uno
933 2171 977 2183 —
1000 2155 1052 2200 res
1075 2134 1223 2199 mira-
1246 2143 1369 2200 tenore:

501 2238 640 2324 Dignus,
665 2238 719 2304 oui
742 2237 857 2306 mediis
881 2237 967 2306 mola
989 2238 1093 2307 libera
1116 2249 1230 2327 surgat
1252 2238 1287 2304 in
1310 2237 1417 2323 undis,

502 2344 640 2411 Centum
663 2367 746 2432 quae
770 2369 834 2410 una
859 2345 963 2431 urbes,
987 2355 1181 2433 centumque
1204 2344 1270 2410 alut
1290 2366 1355 2410 una
1378 2342 1534 2410 eaeulloa.

401 2471 468 2513 rao.
503 2449 632 2536 Ingenti
655 2473 732 2538 ergo
755 2452 877 2516 instant
900 2451 1050 2532 erateri²3
1072 2449 1135 2516 hoe
1156 2451 1293 2539 imperat
1315 2448 1444 2537 hospes:

503 2557 672 2624 Convivae
695 2556 770 2624 laeti
793 2566 960 2645 parentet
983 2558 1061 2622 vina
1084 2566 1266 2646 capessunt.

505 2662 652 2751 Quisque
674 2686 769 2729 suum
792 2673 903 2751 potare
926 2662 1061 2729 ohorum
1085 2665 1227 2729 eonriva
1249 2663 1386 2729 iubetur.

507 2769 571 2834 Hie
595 2769 747 2836 fraudare
770 2771 875 2850 neius;
899 2770 987 2835 eadit
1010 2768 1136 2858 hospite
1158 2769 1268 2836 iudioe
1291 2773 1414 2836 osusa⁸

506 2875 695 2961 Fraudator,
718 2875 814 2964 paulo
838 2877 924 2942 aedit
947 2875 988 2940 lis
1011 2877 1100 2943 vieta
1124 2887 1293 2943 momento.

403 3005 471 3049 res.
505 2981 579 3048 Non
602 2983 748 3050 homines
773 2982 822 3050 ias
845 2994 902 3070 ast,
926 3007 989 3050 non
1013 2983 1177 3074 appellare
1200 2985 1383 3073 lovemque.

506 3231 515 3262 ¹
534 3234 611 3286 Corn.
633 3234 778 3298 „choreis“‚
797 3249 872 3286 narr.
894 3234 1024 3300 „choris“‚
1044 3235 1115 3301 qaod
1124 3236 1213 3302 recepi
1222 3235 1252 3286 in
1261 3243 1362 3288 textum
1371 3234 1536 3286 dubitanter.

398 3321 526 3390 Singulae
537 3324 648 3375 oratoria
658 3331 756 3390 parter,
775 3325 863 3375 anulis
873 3324 1025 3390 distinctae,
1044 3324 1191 3392 significari
1201 3325 1332 3376 videntur.
1351 3324 1427 3376 Geni.
1438 3339 1464 3374 v.
1475 3321 1536 3376 182.

507 3411 517 3440 ²
537 3419 648 3478 aterque
667 3420 758 3464 matur.
780 3414 925 3476 „oratore“.

507 3498 518 3528 ⁸
538 3503 651 3562 „eanss“
673 3508 714 3552 est
733 3501 877 3552 ablativus.
