4109 5767
710 723 747 760 so
765 724 895 761 rouosrss
914 723 995 760 urere
1014 723 1157 767 sonoros:
1175 722 1314 760 rsururrrr.
1536 707 1579 772 21

819 793 1577 814 W

978 1007 1039 1073 IX.

545 1132 639 1214 Quae
662 1133 725 1199 suit
747 1141 822 1199 snte
844 1131 955 1220 gravis
978 1131 1185 1220 litusnseque
1208 1131 1339 1199 aemule
1361 1142 1475 1218 terres,

599 1238 755 1307 Gratulor
778 1241 937 1328 Augusto,
960 1248 1008 1306 est
1032 1237 1122 1304 nullo
1144 1237 1230 1327 quod
1254 1239 1328 1326 Ula,
1350 1261 1432 1306 meo.

988 1435 1032 1500 X.

546 1559 677 1647 Exiguo
700 1558 810 1646 exegit
832 1557 999 1624 Ihrmsuus
1022 1557 1125 1624 milite
1147 1557 1327 1645 Moschum,

600 1666 653 1731 Ex
676 1665 742 1733 Ula
765 1665 909 1731 excussit
933 1664 1035 1732 milite
1057 1688 1156 1753 quem
1178 1666 1310 1753 exiguo!

548 1772 584 1840 si
607 1781 696 1859 potes
719 1771 847 1857 exiguo,
870 1793 938 1857 rex,
961 1771 1063 1837 milite
1085 1772 1219 1839 vincere
1241 1770 1413 1837 Moschum

596 1878 743 1942 Romano
766 1875 859 1961 duee,
881 1875 960 1962 quid
983 1886 1014 1941 te
1037 1876 1121 1943 duce
1144 1900 1209 1943 non
1233 1877 1355 1944 facies?

489 2001 516 2046 o.
545 1982 693 2048 Iustitiae
716 1980 843 2047 confide
866 1990 953 2046 tuse:
977 1981 1047 2067 tibi,
1069 1983 1156 2048 iusta
1177 1984 1301 2070 gerenti

601 2086 702 2172 Bello,
725 2085 821 2152 cedet
842 2085 996 2152 Moschus
1019 2109 1138 2174 oreque
1159 2087 1262 2176 linget
1284 2087 1430 2154 humum.

984 2283 1046 2350 XI.

549 2407 631 2474 Inde
654 2407 769 2496 procul
791 2418 942 2496 spectans
965 2407 1133 2475 ardentem
1155 2407 1309 2476 Moschus
1332 2419 1368 2475 ut
1390 2409 1492 2476 Ulsm

602 2514 696 2580 Vidit
718 2515 806 2581 etin
829 2514 953 2581 medios
979 2516 1108 2582 moenis
1130 2538 1227 2583 verse
1248 2539 1352 2604 rogos,

554 2621 667 2710 „Stare
689 2620 747 2687 diu
769 2643 822 2687 ros
845 2621 937 2687 nulle
959 2622 1082 2710 potest“
1109 2624 1167 2706 oit;
1193 2623 1322 2710 „omnis
1344 2631 1494 2689 constent

603 2729 720 2812 Msrte3
744 2727 866 2795 cedunt
890 2727 1050 2815 menibus,
1072 2751 1156 2817 quoe
1177 2751 1314 2818 posuere
1336 2751 1463 2795 merrus.

491 2856 518 2902 s.
549 2836 615 2916 Qui
638 2834 734 2902 modo
756 2836 845 2902 Mars
868 2859 926 2923 pro
949 2859 1002 2902 me
1024 2845 1164 2924 steterat,
1187 2857 1276 2902 nunc
1298 2835 1415 2902 militet
1437 2834 1535 2919 hosti;

603 2941 816 3030 Irumittitque
839 2943 937 3027 feces,
959 2942 1089 3030 Uluque
1113 2950 1223 3008 nostru
1244 2941 1341 3007 ruit“.

972 3136 1052 3202 XII.

552 3257 714 3324 Aedificat
736 3258 890 3324 Moschus
912 3268 1018 3324 turres
1041 3267 1073 3323 et
1096 3257 1239 3323 nubibus
1261 3266 1391 3345 sequst;

606 3364 776 3449 Augustus
799 3371 912 3429 contra
935 3362 1044 3449 diruit,
1067 3373 1185 3450 sequst
1206 3363 1314 3428 humo.

554 3470 724 3557 Augustus
745 3466 878 3535 Moscho
901 3468 980 3556 quid
1004 3477 1153 3556 praestet,
1176 3469 1258 3535 forte
1280 3467 1447 3555 requiras?

607 3574 703 3658 Quod
726 3575 832 3643 victor
853 3576 949 3643 victo.
978 3574 1085 3643 Testis
1108 3599 1150 3641 sn
1173 3575 1239 3642 Ule
1261 3597 1378 3666 perum
1399 3575 1470 3642 est?

970 3793 1069 3860 XIII.

552 3923 656 3988 Parce
679 3920 798 3988 dehinc
821 3942 913 3987 arces
936 3919 1044 3985 eliens
1066 3941 1185 4007 ponere
1208 3927 1303 4005 terro,

606 4026 751 4096 Moscho:
775 4050 834 4093 suo
856 4026 997 4093 cedunt¹
1020 4025 1191 4093 aedificate
1214 4025 1289 4091 solo.

554 4135 628 4200 Hoc
650 4135 741 4217 ustio,
762 4131 825 4198 hoc
847 4141 995 4197 veterum
1017 4131 1106 4216 leges
1130 4151 1247 4196 csvere
1269 4128 1444 4209 Quiritum.

605 4237 770 4304 Nescisti?
792 4237 963 4324 Augustus
986 4247 1019 4302 te
1042 4235 1137 4301 docet
1159 4234 1221 4299 ista
1243 4255 1344 4319 meus,

494 4365 522 4412 e.
552 4346 660 4433 Ipsius
682 4344 717 4409 in
739 4353 825 4410 terre
847 4341 986 4430 positum
1010 4341 1090 4406 dum
1113 4339 1224 4406 disicit
1247 4338 1355 4405 Ulsm.

608 4451 763 4520 Struxisti
786 4449 871 4516 clam
895 4461 939 4536 tu,
961 4447 1064 4514 diruit
1087 4447 1143 4514 ille
1164 4445 1282 4535 palem.

557 4769 565 4800 ¹
585 4771 643 4822 scil.
662 4786 794 4837 prospers.
