4109 5767
1081 310 1216 377 390
2027 326 2183 361 rut-riu
2221 325 2399 362 nonu

1400 518 1752 608 Pallidula,
1795 518 1958 587 haec
2005 542 2300 608 cernens,
2345 521 2523 587 victa
2570 520 2812 588 referre
2857 520 3109 610 pedem.

1299 627 1732 717 Hippocrates
1778 629 2034 716 crepuit
2079 627 2194 694 sed
2245 640 2315 695 ut
2361 628 2490 715 ille,
2537 650 2817 717 suosque
2862 627 3169 715 Galenos,

1138 755 1232 802 ιο.
1403 733 1745 802 Intellecta
1789 756 2022 823 parum
2069 734 2375 823 dictaque
2420 735 2626 803 multa
2673 734 2871 822 dedit,

1299 840 1406 910 Ad
1454 841 1754 908 morbum
1800 840 1975 929 quod
2022 842 2360 931 pertineat,
2407 842 2526 910 nil:
2574 844 2846 910 suscitat
2892 854 3110 909 aestus

1410 949 1591 1038 Ergo
1636 948 1774 1016 scre
1818 949 2178 1015 exstinctos
2226 949 2431 1017 fcbris
2477 951 2713 1018 acerba
2760 973 2929 1039 suos,

1298 1055 1635 1143 Multaque
1679 1054 2070 1121 incumbens
2116 1057 2248 1122 urit
2292 1057 2699 1144 praecordia.
2720 1057 2999 1123 flamma.

1407 1160 1860 1249 Nequicquam
1907 1160 2231 1227 medicam
2275 1162 2560 1250 postulat
2606 1184 2803 1249 aeger
2847 1185 3051 1251 opem.

1141 1290 1237 1335 ιε.
1297 1266 1562 1355 Infelix,
1607 1266 1791 1353 eheu,
1838 1267 2008 1335 febri
2055 1268 2234 1334 cadit
2280 1279 2465 1335 ustus
2511 1269 2747 1336 anhela

1409 1375 1496 1441 Et
1540 1374 1795 1463 pulchri
1844 1374 2084 1442 medici
2132 1373 2426 1443 volvitur
2469 1389 2620 1444 ante
2664 1377 2880 1467 pedes.

1303 1482 1577 1550 Frustra
1621 1505 1874 1571 aurum,
1920 1485 2133 1575 tyriae
2160 1484 2426 1558 ‘frustra
2473 1485 2760 1552 micuere
2805 1484 3122 1572 lacernae,

1412 1590 1724 1681 Quaeque
1770 1603 1998 1659 onerat
2041 1592 2222 1659 leves
2269 1593 2553 1682 plurima
2596 1616 2856 1681 gemma
2900 1616 3151 1659 manus,

1303 1698 1375 1767 Si
1422 1721 1656 1766 sanare
1699 1722 1949 1788 aegros,
1996 1700 2052 1765 si
2099 1701 2204 1767 vis
2252 1700 2576 1789 depellere
2621 1701 2897 1788 morbos,

1139 1829 1239 1875 so.
1407 1807 1669 1873 Deinde
1715 1806 1846 1872 alia
1891 1830 2023 1873 non
2068 1806 2195 1873 hac
2240 1806 2615 1894 ingrediare
2660 1809 2789 1873 via.

1305 1912 1453 1979 Non
1500 1924 1768 1999 ostrum,
1813 1935 1964 1999 non,
2012 1913 2226 1999 stulte,
2272 1936 2525 2000 aurum,
2570 1936 2702 1980 non
2749 1913 2985 1979 anulus
3028 1914 3284 2000 ingens,

1411 2018 1754 2086 Adversus
1799 2019 2078 2106 morbos»,
2126 2018 2239 2086 sed
2285 2020 2462 2087 valet
2510 2021 2959 2110 Hippocrates.

2192 2505 2294 2569 10.

1965 2700 2054 2761 In
2112 2699 2444 2761 Paulum
2469 2699 2512 2761 ¹.

1306 2874 1491 2941 Inter
1536 2874 1692 2940 vina
1740 2872 1904 2939 facis
1951 2873 2062 2962 qui
2110 2883 2205 2940 tot
2250 2872 2653 2959 discrimina,
2699 2872 2920 2962 Paule,

1417 2984 1554 3053 Vci·
1599 2994 1756 3074 quot
1804 2983 1931 3050 fert
1977 2982 2168 3051 ssorcs
2216 2981 2568 3075 Ilyblaquc
2614 2984 2823 3074 pascit
2869 3008 3042 3075 apos,

1312 3094 1514 3164 Sacra
1559 3094 1735 3161 idem
1782 3094 1995 3160 nescis
2041 3105 2107 3161 et
2151 3093 2342 3160 Pauli
2387 3092 2634 3160 Paulus
2683 3094 2751 3160 in
2798 3117 2910 3162 ore

1418 3206 1539 3272 Est
1584 3227 1937 3295 nunquam,
1982 3204 2112 3272 nisi
2161 3227 2311 3272 cum
2360 3204 2495 3271 fors
2541 3227 2747 3292 sacra,
2793 3203 3016 3293 Paule,
3061 3205 3247 3272 sacis.

1195 3338 1247 3382 s.
1309 3316 1552 3381 Nostra
1598 3326 1793 3401 aetas,
1839 3316 2072 3400 nescis,
2118 3315 2335 3402 prisco
2381 3313 2540 3400 quid
2587 3313 2782 3380 distet
2828 3315 2911 3381 ab
2958 3336 3139 3400 aevn,

1419 3419 1675 3508 Regula
1719 3422 1826 3487 cui
1873 3421 2204 3508 quondam
2248 3421 2491 3509 pagina
2534 3421 2738 3486 Mosis
2785 3431 2941 3487 erat.

1314 3531 1482 3598 Cum
1530 3530 1695 3596 dicis
1742 3529 1987 3614 Mosen,
2032 3550 2291 3594 musam
2338 3539 2402 3594 te
2448 3526 2666 3594 dicere
2712 3528 2945 3616 credis,

1421 3638 1694 3724 Ignores
1742 3658 1963 3701 musas
2008 3645 2078 3700 tu
2127 3634 2282 3701 licet
2325 3656 2470 3702 csse
2517 3658 2767 3701 novem.

1315 3742 1492 3823 Quid
1542 3764 1776 3808 census
1823 3742 2027 3806 sacris
2075 3742 2405 3806 consumis
2450 3741 2701 3807 inutilis
2749 3743 2934 3806 aris?

1155 3870 1250 3913 10.
1424 3846 1742 3933 Indignas
1786 3856 2053 3933 prensat
2098 3846 2258 3933 quid
2306 3844 2609 3911 diadema
2657 3848 2920 3912 comas?

1317 3952 1669 4020 Sacrorum
1715 3958 1825 4018 et²
1868 3952 2054 4017 rudis
2101 3974 2191 4039 es,
2238 3954 2368 4019 scis
2413 3963 2478 4019 et
2527 3952 2899 4019 discernere
2942 3954 3120 4039 vina,

1428 4060 1572 4127 Hoc
1616 4084 1762 4148 qu0,
1808 4083 1936 4149 quo
1983 4070 2229 4147 natum,
2275 4060 2494 4147 Paule,
2540 4062 2624 4127 sit
2668 4060 2833 4126 illud
2881 4082 3059 4148 agro.

1322 4221 1339 4252 ¹
1378 4225 1494 4274 Oss.
1527 4222 1628 4276 132
1653 4246 1698 4267 ει
1725 4239 1869 4275 corn.
1897 4222 2004 4275 250
2028 4241 2106 4290 sq.
2147 4224 2352 4275 Nomen
2384 4223 2568 4275 fictum
2593 4240 2709 4276 csso
2736 4224 2964 4289 videtur,
2992 4239 3182 4291 neque,
3208 4239 3397 4292 quem·

1104 4328 1234 4365 nam
1272 4320 1423 4366 notet
1459 4324 1634 4380 poeta,
1672 4316 2011 4381 perspicuum
2049 4324 2148 4366 est.

1319 4401 1340 4432 ²
1378 4421 1502 4456 mss.
1547 4407 1689 4470 „ut“.
