4109 5767
583 772 649 836 122

1110 858 1121 864 -
1161 858 1238 867 ---
1624 858 1728 867 ——u-

1254 859 1461 878 ..Z-..1:--'''—-.......¹
1397 860 1446 867 '⁴‘
1462 858 1727 880 22:¹22-—

691 976 894 1045 Sustentavit
915 1000 993 1066 opes
1015 978 1282 1065 maiestatemque
1304 978 1479 1060 Quiritum.

690 1082 830 1150 Romula
851 1106 916 1148 non
940 1081 996 1150 illo
1019 1082 1147 1149 deserui
1170 1084 1342 1171 superstite
1364 1084 1466 1171 sedes,

691 1188 829 1255 Illaesus
851 1189 1030 1278 permansit
1050 1188 1154 1255 honos
1177 1190 1358 1279 soliumque
1380 1190 1555 1279 superbum

588 1318 658 1364 ios.
691 1297 867 1363 Immotum
890 1298 978 1363 stetit
1000 1307 1033 1363 et
1055 1306 1184 1385 patrum
1207 1297 1327 1363 decora
1348 1296 1415 1364 alte
1436 1294 1590 1387 priorum,

691 1402 914 1492 submisitque
934 1404 1049 1471 rolens
1073 1426 1192 1492 magno
1215 1416 1314 1492 caput
1335 1404 1440 1470 Istula
1462 1404 1598 1496 Thybri.

690 1509 813 1577 Audiet
833 1511 916 1578 baec
938 1510 1057 1578 absens
1080 1510 1297 1599 lacrimasque
1318 1512 1441 1578 tenebit
1462 1512 1577 1579 Iulus?

780 1617 846 1685 Sed
869 1641 928 1683 nos
950 1618 1179 1686 Sauromatum
1202 1618 1297 1685 fletus
1319 1620 1523 1709 gemitusque
1545 1630 1685 1707 tuorum,

689 1724 819 1812 Magne,
840 1736 970 1813 vocant,
992 1723 1134 1812 Samuel,
1156 1747 1232 1813 pars
1256 1726 1411 1791 carminis
1435 1726 1550 1791 ultima
1573 1727 1685 1793 nostri

588 1854 657 1898 ιιι.
691 1831 798 1900 Cerno
820 1833 940 1899 etenim
963 1855 1120 1921 magnum
1144 1834 1295 1922 Augusto
1317 1856 1392 1899 cum
1417 1855 1494 1921 rege
1516 1844 1665 1901 senatum

691 1940 823 2006 Effusos
845 1940 990 2007 lacrimis
1012 1951 1045 2007 et
1067 1940 1158 2029 pulla
1179 1952 1271 2009 veste
1293 1941 1462 2008 recinctus.

692 2046 790 2114 Fient
810 2049 1002 2115 immaturos
1023 2048 1132 2115 obitos
1154 2060 1391 2137 properataque
1414 2049 1482 2115 fatu

690 2154 934 2243 Indignumque
956 2157 1050 2221 nefas
1072 2167 1104 2222 et
1127 2157 1195 2222 cari
1218 2158 1317 2221 sunus
1341 2157 1448 2222 amici.

691 2259 789 2327 Fient
810 2283 935 2328 omnes:
959 2273 1025 2348 tua,
1047 2262 1200 2348 Tamovi,
1223 2262 1280 2328 sed
1304 2262 1430 2327 lumina
1451 2284 1549 2328 cerno

588 2388 657 2433 ιιι.
691 2368 768 2434 Uda
790 2370 895 2458 magis
917 2390 1081 2457 raucoque
1104 2380 1256 2435 sonantes
1278 2380 1410 2457 gutture
1431 2380 1573 2459 questus,

690 2475 844 2565 Tamovi,
866 2487 911 2563 tu,
934 2500 955 2543 o
976 2477 1130 2565 Tarnovi,
1153 2478 1333 2545 clarissimo
1355 2478 1462 2565 gentis

693 2584 932 2673 Souroutotum,
954 2607 1033 2652 cura
1055 2596 1130 2652 anm
1153 2584 1234 2652 alios
1256 2586 1311 2653 cui
1334 2585 1466 2675 publica
1489 2608 1541 2651 ros
1563 2594 1621 2651 cst.

693 2692 865 2783 (insitoque
887 2694 1125 2781 truagnanimus,
1148 2692 1265 2759 studiis
1288 2715 1446 2761 accensus
1468 2692 1600 2780 eisdem,

691 2801 761 2866 Dat
782 2800 944 2887 lacrimas,
967 2823 1086 2888 magno
1109 2812 1141 2867 et
1164 2802 1272 2867 victua
1294 2800 1384 2866 lavat
1405 2822 1462 2866 ora
1485 2799 1604 2883 dolore,

588 2928 659 2971 iao.
691 2906 800 2973 curin
821 2906 927 2972 bonua
949 2908 1075 2994 patriae
1097 2918 1129 2973 et
1153 2931 1217 2974 non
1241 2906 1432 2972 infitiandus
1455 2906 1616 2971 alnnmus.

692 3012 850 3078 Ablatum
872 3013 969 3078 terris
992 3012 1176 3080 Samuelem
1199 3013 1289 3101 luget
1313 3023 1448 3101 uterque

692 3118 834 3203 Largius
856 3128 889 3182 et
911 3140 1067 3205 magnum
1090 3120 1212 3205 gemitu
1236 3128 1373 3183 testatur
1395 3140 1547 3184 amorem.

691 3223 762 3288 Nec
785 3234 820 3288 tu
843 3223 1023 3288 luminibus
1047 3234 1174 3311 spectas
1197 3224 1278 3290 hacc
1302 3224 1418 3289 lunera
1442 3225 1548 3309 siccis,

692 3328 764 3396 Rex
786 3332 949 3417 Auguste:
972 3331 1066 3417 genis
1089 3330 1244 3397 lacrimae
1266 3329 1444 3397 volvuntur
1465 3330 1596 3396 obortae

590 3460 660 3503 ιιι.
695 3438 738 3503 lit
760 3438 862 3505 maior
884 3449 999 3529 pectus
1020 3440 1147 3529 premit,
1171 3437 1245 3527 heu,
1268 3437 1360 3505 dolor
1383 3439 1515 3525 imaque
1538 3436 1647 3529 pulsnt

616 3566 619 3570 ·
694 3544 802 3615 Corda
824 3571 1008 3638 gravesque
1031 3549 1139 3616 animo
1162 3548 1310 3617 stimulos
1333 3548 1446 3639 defigit
1468 3549 1502 3615 in
1526 3546 1600 3615 alto.

693 3656 869 3746 Incertum,
891 3657 966 3752 plus
988 3670 1020 3726 te
1043 3657 1205 3728 Samuelis
1228 3682 1324 3727 casus
1347 3660 1456 3745 munti,

693 3764 774 3851 Rex,
797 3777 925 3832 moveat
947 3778 1039 3832 tanta
1062 3777 1094 3833 et
1117 3767 1265 3834 scelerati
1290 3767 1409 3832 iniuria
1431 3766 1497 3851 leti,

695 3871 754 3936 len
776 3894 819 3937 an
843 3873 931 3961 quod
953 3876 1097 3940 caritura
1120 3875 1191 3940 viro
1214 3885 1271 3939 tuo
1294 3875 1384 3961 rogia
1407 3885 1504 3957 tanto,

591 3998 660 4043 roo.
694 3978 797 4045 Cuius
819 4004 881 4069 ope
903 3980 1036 4048 adiutus
1059 3982 1164 4047 levius
1187 3980 1264 4047 data
1286 3992 1415 4068 sceptra
1437 3979 1539 4046 tulisti

694 4083 922 4176 consultisque
945 4087 1023 4154 olim
1046 4110 1202 4176 magnum
1225 4098 1282 4154 tua
1304 4087 1403 4153 corda
1425 4086 1573 4153 levamen

694 4189 872 4257 Senserunt
895 4193 1044 4260 cecidero
1065 4217 1183 4280 graves
1206 4206 1238 4259 et
1260 4203 1389 4281 pectore
1412 4215 1522 4260 curae:

694 4295 806 4362 Orevit
828 4298 931 4363 honor
952 4301 1045 4386 regui
1067 4308 1099 4365 et
1122 4300 1204 4365 bene
1226 4300 1326 4387 gestis
1349 4299 1453 4386 gloria
1475 4297 1582 4364 rebus.

784 4403 882 4491 Quid,
907 4428 982 4472 cum
1006 4416 1148 4472 oratores
1171 4407 1272 4473 variis
1295 4429 1313 4472 e
1336 4406 1483 4494 partibus
1502 4402 1593 4469 orbis

593 4531 662 4575 ιιι.
697 4511 889 4579 Venerunt?
912 4514 1000 4580 misit
1023 4515 1050 4579 si
1074 4536 1170 4602 quem
1193 4515 1253 4579 tibi
1277 4516 1441 4579 maximus
1464 4513 1564 4578 armis

694 4616 907 4709 Invictusque
929 4644 1027 4686 manu
1052 4626 1187 4687 caesai-¹
1211 4622 1351 4689 iraterve
1374 4620 1532 4702 Quirinus
1545 4626 1566 4705 ²,

586 4728 795 4739 m..—

697 4777 706 4808 ¹
725 4778 837 4830 Carolus
856 4780 887 4829 V.

695 4866 707 4896 ¹¹
724 4866 918 4933 Scrutamini,
936 4885 984 4921 rea
1003 4871 1191 4920 Romanorum.
