4109 5767
678 808 791 859 LXXVI

1165 822 1321 857 ΡΙΑῈΥΔΤΙΟ.

675 1030 854 1105 cogeretur.
884 1020 992 1105 Atque
1020 1018 1067 1082 ita
1093 1040 1129 1083 re
1152 1039 1231 1082 vera
1262 1016 1364 1082 suinae
1394 1016 1609 1083 demonstrari
1638 1018 1726 1105 putat
1746 1016 1805 1103 epi-

676 1138 859 1214 grammate
880 1146 1008 1213 graeeo,
1031 1124 1117 1213 quod
1140 1123 1240 1190 latine
1263 1124 1305 1189 ab
1321 1126 1467 1191 Ausonio
1481 1146 1672 1213 expreasum
1687 1125 1807 1211 profert.

679 1236 897 1322 Antiquarum
932 1234 973 1299 de
1007 1234 1113 1321 patria
1148 1232 1282 1298 Homeri
1319 1234 1575 1299 controversiam
1611 1231 1687 1297 inde
1715 1242 1807 1296 ortam

679 1364 750 1407 esse
774 1342 894 1407 eunieit
917 1342 1039 1425 (Doeis.
1063 1341 1125 1425 III,
1150 1342 1235 1424 113),
1266 1339 1353 1426 quud
1377 1362 1442 1404 non
1465 1350 1591 1404 tantum
1616 1338 1721 1404 natale
1741 1360 1809 1427 poe

678 1459 731 1513 tae
753 1448 876 1533 solum,
905 1448 1084 1513 sedetiam
1108 1470 1147 1512 ea
1170 1446 1258 1531 loeo,
1288 1470 1331 1511 ex
1361 1448 1480 1534 quibus
1510 1458 1643 1534 penates
1665 1448 1733 1511 eiua
1754 1447 1809 1510 orti

678 1568 802 1639 essent,
834 1554 887 1619 vel
918 1556 951 1619 iu
982 1555 1101 1641 quibua
1125 1556 1195 1641 ipae
1218 1566 1304 1619 earet
1328 1568 1487 1640 moratus,
1518 1556 1588 1620 eius
1618 1554 1721 1640 patria
1750 1552 1810 1615 diri

678 1661 850 1727 voluerint.
875 1661 1018 1726 Patriam
1042 1660 1182 1726 alieuius
1205 1684 1269 1725 non
1294 1660 1398 1725 solum
1423 1660 1529 1725 loeum
1552 1662 1673 1747 iprum,
1700 1661 1733 1722 in
1754 1682 1812 1744 quo

679 1778 775 1831 natus
799 1768 853 1851 ait,
885 1790 999 1832 venun
1031 1768 1130 1831 etiam
1161 1767 1276 1831 urbem
1303 1788 1415 1832 rumve
1437 1764 1620 1853 publicam,
1650 1764 1692 1829 ad
1722 1786 1813 1850 quarn

679 1872 770 1938 loeus
794 1872 849 1937 ille
871 1874 1040 1960 pertineat,
1063 1872 1245 1937 habendam
1270 1895 1342 1937 asse
1365 1871 1460 1937 doeet
1482 1873 1558 1957 (111,
1576 1874 1637 1937 117
1656 1876 1721 1959 aql,
1743 1870 1814 1934 inde

677 1982 766 2046 onim
796 1981 971 2068 explicari,
1003 1980 1089 2069 quod
1113 1981 1281 2067 Vergilius
1308 1980 1470 2065 Mantuae,
1500 1979 1649 2047 Catullus
1674 1980 1815 2044 Veronae

678 2101 775 2156 natus
797 2113 870 2156 esee
892 2091 933 2157 ab
958 2091 1079 2158 ovidio
1094 2101 1127 2156 et
1142 2090 1293 2156 Martiale
1309 2090 1446 2175 dicatur,
1469 2112 1544 2155 eum
1563 2088 1646 2155 alter
1661 2086 1816 2171 Andibus,

679 2200 713 2264 in
737 2198 855 2287 oppidu
878 2200 949 2285 agri
973 2200 1160 2285 Mantuani,
1191 2197 1273 2264 alter
1304 2200 1338 2262 in
1369 2196 1563 2285 paeninsula
1585 2195 1676 2262 laeua
1702 2195 1816 2261 llenaei

679 2306 722 2372 ad
746 2307 910 2372 Veronam
935 2306 988 2371 siti
1012 2306 1118 2371 lueem
1141 2308 1313 2394 aspexerit.

786 2414 954 2482 Interdum
981 2414 1102 2481 llleiati
1126 2416 1344 2503 praeceptoris
1368 2415 1506 2502 vestigia
1529 2436 1678 2502 premens
1701 2413 1819 2497 (lleois.

681 2523 743 2609 Ill,
766 2524 956 2607 ott-alt)
979 2525 1077 2590 etiam
1098 2526 1131 2588 in
1149 2534 1260 2612 etymo
1275 2525 1497 2611 gentilitasque
1512 2522 1685 2587 latinarum
1705 2542 1818 2586 vueum

681 2634 827 2700 mitiunea
851 2634 985 2723 inquirit
1007 2634 1130 2718 [lleeia.
1157 2634 1212 2719 lV,
1237 2636 1292 2716 723
1317 2636 1372 2716 823
1401 2635 1586 2715 ttae-1143
1613 2632 1651 2718 V,
1674 2632 1730 2713 273
1757 2632 1822 2714 ta),

679 2743 968 2831 auctoritatemque
1002 2741 1113 2808 traditi
1149 2741 1293 2807 loeorum
1329 2753 1438 2807 textae
1473 2744 1506 2806 iu
1537 2740 1694 2807 iadieium
1726 2754 1822 2807 ruent

679 2851 803 2932 (Deoia.
827 2850 885 2934 lV,
911 2854 988 2932 1383
1012 2852 1099 2933 346).
1123 2852 1231 2937 Atque
1253 2852 1333 2915 urtiu
1356 2851 1490 2916 eritieae
1513 2851 1653 2937 peritum
1676 2871 1750 2913 eum
1772 2849 1823 2911 t'u-

681 2959 745 3021 isae
768 2958 866 3020 etium
890 2956 967 3021 inde
990 2954 1106 3041 elucet,
1128 2955 1224 3043 quod,
1249 2968 1284 3019 ut
1307 2957 1372 3020 iam
1396 2978 1496 3042 snpra
1519 2956 1638 3039 monm',
1663 2956 1731 3042 ipae
1754 2957 1824 3018 An-

680 3062 775 3126 dreae
800 3063 961 3127 Patricius
984 3060 1136 3143 Nideeki,
1160 3061 1282 3127 eelebri
1298 3062 1466 3127 Olearouis
1483 3062 1740 3145 fragmentorum
1756 3060 1825 3124 edi-

684 3167 771 3229 tione
785 3178 963 3253 oeeapatua
979 3167 1078 3239 leons.
1094 3166 1138 3250 11,
1154 3168 1229 3250 2119,
1246 3168 1311 3250 36),
1327 3166 1450 3230 auxilio
1465 3167 1536 3230 eiua
1552 3167 1585 3229 in
1603 3164 1825 3250 loeoquudam

682 3271 767 3335 Enni
791 3270 992 3335 aestimando
1016 3294 1095 3336 urus
1117 3295 1189 3336 erae
1208 3271 1348 3336 traditur
1364 3270 1461 3352 (eonf.
1477 3270 1665 3355 Morawaki,
1680 3268 1825 3334 Nideeki

681 3376 731 3444 ed.
756 3377 788 3443 11
814 3401 865 3465 pg.
892 3380 975 3460 1111).
999 3378 1094 3458 Quod
1119 3378 1219 3461 igitur
1242 3377 1304 3444 bae
1328 3376 1404 3443 illae
1419 3378 1574 3443 vitiosum
1591 3388 1716 3441 textum
1735 3397 1828 3463 repe-

680 3487 735 3573 tit,
768 3496 804 3552 ut
826 3484 978 3577 Pythiam
1011 3510 1069 3575 pro
1100 3488 1231 3554 Phintia
1263 3489 1355 3571 (Dee.
1379 3488 1441 3573 ΙΙΙ,
1464 3488 1542 3571 361)
1573 3485 1625 3552 vel
1647 3486 1828 3551 'laberium

683 3597 817 3662 Hieram
842 3619 899 3684 pro
923 3596 1071 3666 Staberio
1094 3597 1194 3664 Erote
1216 3598 1309 3681 (Dee.
1333 3597 1392 3683 IV,
1415 3598 1493 3679 306)
1516 3593 1747 3685 nuncupando,
1769 3618 1831 3682 po-

682 3707 749 3772 tius
771 3716 920 3772 textuum
943 3707 1145 3794 antiquitatis
1169 3719 1350 3795 temporum
1381 3705 1511 3771 illoram
1539 3704 1698 3792 eondieio,
1730 3727 1831 3793 quum

681 3815 752 3903 ipae
775 3813 959 3901 eulpandue
981 3828 1040 3881 est.

790 3924 828 3987 Iu
854 3946 927 3988 mea
949 3922 1067 4011 palona
1090 3921 1131 3989 de
1154 3924 1277 4013 Iloyzio
1300 3923 1527 3988 dissertatione
1552 3928 1616 4010 (pg.
1634 3923 1698 3986 136
1716 3945 1834 4008 sqq:

687 4034 750 4098 176
767 4038 846 4119 sqq.)
869 4032 1003 4097 exhibui
1028 4043 1219 4098 aeeurutum
1236 4033 1378 4097 indieem
1397 4031 1551 4109 locorum,
1574 4031 1693 4118 quibua
1711 4032 1745 4094 iu
1766 4032 1836 4095 De-

685 4139 862 4203 eiaionibua
886 4136 1051 4203 lituanieia
1074 4139 1219 4227 ltoyziua
1249 4138 1290 4203 ad
1319 4140 1469 4225 antiquos
1492 4149 1640 4203 auetorea
1665 4148 1837 4224 provocat.

684 4246 776 4309 Haae
800 4245 909 4309 omnia
932 4268 1007 4310 eum
1031 4245 1085 4310 bie
1109 4258 1255 4331 repetere
1271 4247 1329 4310 vix
1352 4246 1394 4309 ait
1417 4248 1647 4329 neceesarium,
1671 4244 1705 4308 id
1723 4243 1836 4307 solum

681 4348 801 4412 adnoto
824 4370 845 4412 a
868 4350 991 4439 Royaio
1014 4348 1204 4415 Oieeronem
1231 4353 1273 4415 lt
1296 4349 1389 4435 loeis,
1421 4348 1629 4414 Aristotelem
1653 4360 1686 4415 et
1710 4349 1837 4433 Vorgi-

685 4455 764 4521 lium
790 4457 1032 4542 lauritium,
1063 4458 1252 4525 Suetonium
1276 4468 1309 4523 et
1331 4457 1498 4522 Platonem
1523 4460 1553 4543 ss,
1580 4456 1779 4545 Euripidem
1806 4460 1837 4540 b,

685 4565 866 4649 Horatium,
899 4563 1040 4629 Plinium
1064 4577 1141 4630 natu
1167 4566 1322 4630 maiorem
1350 4576 1383 4630 et
1405 4563 1551 4630 Gellium
1573 4568 1604 4648 4,
1634 4563 1837 4645 Martialem,

684 4668 845 4755 Plautum,
869 4670 1040 4736 Valerium
1063 4672 1254 4756 Maximum,
1270 4672 1461 4757 Varronem,
1477 4673 1621 4755 lt'estmn,
1638 4670 1837 4752 Hesiodum,

686 4776 887 4842 Herodotum
919 4788 951 4843 et
983 4778 1216 4866 Hippocratem
1239 4781 1270 4863 3,
1300 4780 1442 4864 Livium,
1476 4777 1631 4844 Catonem
1664 4778 1837 4860 maiorem,

685 4885 876 4970 Ausonium,
899 4884 1072 4971 Iustinum,
1095 4887 1253 4969 Curtium,
1278 4887 1488 4949 Ammianuna
1505 4883 1747 4969 Mareellinam,
1766 4886 1837 4949 Ma·
