4109 5767
545 757 611 824 180
995 773 1074 808 rerer
1092 773 1180 808 eorm

652 961 746 1043 Quae
768 961 857 1027 Petri
880 961 1035 1052 cymbam
1057 962 1227 1048 exagitant
1248 972 1315 1026 toto
1337 982 1476 1049 aequore
1498 959 1628 1045 frustra,

547 1090 617 1135 seo.
651 1068 725 1134 Non
749 1067 942 1136 formidatae
964 1069 1073 1134 nautis
1097 1089 1158 1135 nec
1181 1090 1263 1134 saxa
1285 1066 1419 1154 llaleae,

650 1178 722 1245 Nec
744 1177 872 1270 Libyae
895 1176 1009 1270 Syrtes
1033 1187 1230 1246 metuentem
1252 1186 1310 1243 aut
1331 1176 1505 1268 Cycladas,
1528 1199 1648 1266 aequor

651 1288 714 1355 Per
736 1297 864 1354 vastum
889 1309 1027 1378 sparsae,
1050 1286 1333 1377 siculivepericla
1355 1285 1521 1377 profundi,

651 1397 798 1464 Immites
821 1396 951 1489 Scyllas
975 1396 1231 1486 implacataeque
1252 1395 1454 1487 charybdes.

652 1505 766 1570 Prisca
787 1505 895 1592 placet
918 1507 1021 1593 pietas
1045 1506 1243 1592 antiquaque
1265 1525 1360 1569 sacra
1383 1503 1557 1584 Quiritum.

548 1633 618 1678 ιιι.
743 1612 816 1677 Hoc
839 1613 957 1677 animis
980 1611 1119 1677 aderunt
1142 1611 1304 1699 complexi
1327 1621 1360 1677 et
1382 1622 1512 1698 pectore
1533 1620 1600 1676 toto

648 1717 858 1806 lloviusque¹
881 1718 991 1784 audax
1015 1728 1047 1785 at
1070 1717 1185 1784 cedere
1209 1719 1320 1784 nescia
1342 1719 1455 1783 virtus.

651 1826 845 1892 Luwscius²
868 1824 957 1893 hunc
980 1828 1074 1892 iuxta
1096 1827 1253 1913 iuxtaque
1276 1825 1473 1912 Sieprcius⁸,
1496 1823 1592 1890 narii«)

651 1932 798 2020 Antiqua
820 1933 979 2021 probitate
1002 1933 1075 2019 viri,
1098 1955 1163 1997 non
1187 1931 1301 1998 fallere
1323 1931 1420 2017 docti,

652 2038 717 2106 Sed
740 2041 845 2106 Divos
867 2040 973 2107 colere
995 2050 1028 2107 et
1051 2040 1184 2128 Superis
1208 2061 1302 2105 sacra
1325 2041 1409 2104 serre
1432 2040 1565 2105 voeatis.
1604 2053 1613 2068 ·

548 2166 617 2209 seo.
741 2145 1002 2212 Praetereundus
1025 2148 1087 2212 erit
1110 2146 1190 2210 mihi
1213 2168 1278 2210 non
1303 2145 1520 2228 Daialinius⁸,
1541 2143 1628 2228 olim,

653 2250 737 2335 Heu,
760 2251 866 2316 malus
889 2251 1045 2317 adversas
1067 2273 1163 2339 quem
1187 2249 1419 2315 sollicitaverat
1441 2248 1543 2314 hostis

651 2356 691 2422 In
715 2367 832 2444 partes,
853 2356 916 2423 hoa
939 2379 1004 2422 non
1028 2355 1112 2421 alius
1135 2379 1197 2423 nec
1218 2357 1342 2421 firmior
1366 2378 1512 2444 usquam,

651 2463 722 2530 Nec
745 2475 898 2530 constans
921 2466 1036 2552 magis,
1059 2477 1116 2530 aut
1139 2465 1264 2530 Divum
1287 2464 1487 2530 reverentior
1510 2461 1604 2528 ullus.

741 2573 857 2640 Petrus
879 2573 1102 2641 Oaarncovius
1125 2595 1274 2662 proceros
1298 2572 1493 2638 fortissimus
1516 2572 1610 2658 inter,

548 2700 617 2745 sss.
653 2679 726 2761 Quo
750 2680 926 2746 castellano
949 2682 1112 2748 Poenania
1135 2681 1284 2769 praeside
1307 2681 1436 2767 gaudet,

651 2789 784 2854 Asseret
806 2787 861 2855 hic
883 2799 915 2856 et
938 2811 1089 2855 romanos
1114 2811 1178 2855 non
1201 2789 1311 2876 segnis
1333 2787 1478 2854 honores.

741 2896 845 2983 Inque
868 2919 959 2962 mora
982 2896 1134 2962 excultus
1158 2894 1275 2961 studiis
1298 2897 1510 2961 Maceovius⁵
1532 2892 1600 2958 ulla

650 3001 723 3067 Non
747 3004 817 3089 erit,
840 3003 967 3091 eloquio
989 3026 1146 3091 magnum
1168 3004 1225 3091 qui
1248 3003 1386 3068 Nestora
1410 3003 1521 3067 vincat

651 3107 780 3198 Oraque
803 3111 983 3177 facundum
1006 3112 1107 3200 possit
1130 3133 1283 3200 superare
1306 3109 1474 3195 Periclem,

548 3239 617 3283 seo.
652 3217 798 3284 Insideat
820 3218 921 3285 labris
944 3220 1096 3308 quamvis
1120 3217 1262 3286 Suadela
1284 3217 1428 3284 Periclis.

650 3311 772 3392 lllissns
796 3326 838 3392 ab
860 3329 1011 3414 Augusto
1034 3326 1089 3393 hic
1111 3349 1216 3416 nuper
1238 3338 1296 3391 tua
1319 3325 1441 3413 limina,
1463 3323 1574 3411 Paule,

652 3433 753 3502 Servo
775 3435 839 3502 Dei
863 3458 1042 3522 servorum,
1065 3434 1146 3500 adiit
1169 3436 1338 3523 tenuitque
1360 3434 1532 3524 precando,

651 3542 792 3632 Allogee,
814 3544 870 3632 qui
894 3535 1058 3631 dispersas
1083 3543 1211 3632 lateque
1233 3553 1391 3632 vagantes

651 3650 866 3738 Palantesque
890 3651 1024 3716 reducat
1048 3674 1137 3738 oves,
1159 3650 1245 3716 mala
1267 3651 1417 3738 gramina
1439 3661 1560 3738 pastas,

545 3778 614 3822 ses.
649 3757 879 3844 Agnoscatque
903 3780 1004 3822 unum
1028 3770 1060 3823 et
1083 3767 1206 3846 repetat
1229 3779 1311 3845 grex
1334 3757 1439 3823 omnis
1463 3756 1557 3822 ovile.

544 3935 664 3945 -ι--ιι
688 3937 693 3944 ι
746 3937 750 3944 ι

656 4047 664 4078 ¹
683 4049 842 4113 Alexander,
861 4051 999 4116 palatinus
1018 4051 1150 4117 ploconais
1170 4067 1211 4101 aa
1233 4049 1416 4102 leon-1660.

655 4133 761 4188 'Cerri
782 4155 806 4189 v.
827 4139 887 4192 779.
907 4141 1051 4206 Respicere
1077 4141 1182 4191 videtur
1207 4140 1371 4191 stanislaum
1396 4138 1514 4203 hwski,
1538 4139 1690 4205 palatinum

545 4227 742 4277 maceriensem
761 4237 788 4278 et
806 4229 1025 4295 vioesregentom.
1045 4230 1297 4293 (Niesieoki·llobr.
1318 4229 1399 4280 llerb.
1419 4229 1465 4292 Vl,
1484 4227 1555 4296 22³).

653 4313 664 4343 ⁸
685 4317 810 4369 Fortasse
829 4319 950 4368 Andreas
969 4319 1087 4384 Sierpslri
1107 4318 1164 4371 sive
1183 4318 1310 4384 Sicprslri‚
1329 4317 1465 4384 palatinus
1483 4318 1613 4368 rovensis.

653 4405 664 4434 ⁴
684 4407 797 4458 loannes
818 4407 987 4473 llzialyrlulri,
1007 4417 1064 4459 tum
1083 4408 1220 4474 palatinus
1239 4407 1409 4471 chelmensis,
1428 4407 1499 4458 inter
1515 4408 1612 4457 iratres
1627 4421 1689 4458 euos

547 4495 722 4548 clarissimus.

655 4581 667 4613 ⁸
686 4586 845 4650 Stanislaus,
864 4588 1005 4650 Samuelis,
1024 4588 1143 4653 episcopi
1162 4603 1277 4652 cracov,
1297 4589 1389 4650 frater,
1412 4586 1576 4637 castellanus
1594 4584 1690 4636 sando-

547 4674 690 4738 mirionsis,
710 4675 892 4727 rnerschaleus
911 4677 990 4728 aulae
1009 4677 1109 4744 regiae,
1129 4677 1282 4742 eloquentia
1300 4676 1397 4729 clarus.
1418 4675 1513 4742 Legati
1529 4675 1564 4726 ad
1576 4673 1690 4725 Paulum

547 4765 586 4814 lv
605 4779 714 4815 munere
733 4766 842 4816 iunctus
861 4773 902 4816 est
921 4782 944 4817 a.
965 4765 1043 4819 1556.
1070 4767 1145 4819 cons.
1166 4767 1206 4817 ks.
1227 4764 1380 4829 Bakowski,
1418 4765 1512 4830 Daieje
1531 4763 1691 4827 roformacyi

547 4855 572 4904 ll
593 4871 636 4921 pg.
656 4851 710 4905 316
728 4870 781 4919 sqq
801 4853 871 4922 3613
890 4854 950 4908 387.
