4109 5767
872 725 1082 763 musmones.
1484 693 1553 772 193

406 795 806 820 πυτ-ι...-
818 807 835 815 ..
847 807 911 815 ..-..
1191 807 1387 816 .-..-...........
1398 793 1547 816 ...a

512 919 715 1008 Eloquioqua
737 929 827 987 tonat
849 943 907 1008 pro
930 921 1047 988 Roma:
1071 923 1219 1010 protinus
1241 945 1353 990 omnes

512 1024 760 1114 Romanumque
782 1025 890 1094 uolunt
912 1050 1027 1095 nisinun
1053 1028 1269 1118 capitulisque
1291 1028 1366 1095 ulta

416 1150 487 1195 eoo.
522 1131 628 1198 Heros
651 1130 814 1200 iucundus
836 1143 963 1200 tuntum
986 1134 1075 1201 valet
1096 1134 1152 1203 illa
1173 1133 1343 1224 loquendo,

515 1238 622 1304 Unius
645 1247 677 1305 at
700 1239 803 1327 pietas
827 1241 911 1329 potis
934 1251 983 1308 est
1005 1251 1053 1308 tot
1075 1241 1204 1309 flectere
1226 1241 1336 1309 eorda.

517 1342 591 1428 Hie,
615 1345 802 1432 Lipomsne,
825 1346 885 1412 tibi
909 1357 1041 1412 uentum
1062 1369 1121 1435 pro
1144 1348 1277 1414 milibus
1299 1357 1377 1415 esto.

604 1449 685 1516 Dux
708 1459 740 1518 at
762 1451 963 1538 Sbaraoius‚¹
988 1452 1156 1541 praeclaro
1178 1455 1339 1542 sauguine
1361 1465 1480 1541 aratus,

518 1554 664 1623 Vithavii
687 1555 803 1624 ductor
825 1558 945 1648 populi,
967 1582 1095 1649 quoque
1118 1570 1227 1628 noster
1248 1570 1281 1628 at
1302 1561 1373 1650 ipse
1395 1560 1453 1648 θεῖ’,

416 1683 486 1728 soe.
520 1661 733 1754 Inventisque
755 1667 851 1733 novis
873 1665 1127 1756 haudquaquam
1150 1669 1374 1735 aauommodat
1396 1683 1500 1756 auras,

518 1772 679 1840 Assuetus
702 1773 828 1862 pristis,
851 1797 935 1862 quae
957 1785 1065 1842 manta
1087 1773 1271 1842 recondidit
1293 1775 1368 1842 alta

608 1881 725 1949 Clarus
748 1883 830 1968 avis,
853 1883 959 1949 atavis
983 1882 1157 1972 stirpisque
1188 1879 1277 1950 baud
1302 1883 1443 1972 degener
1470 1884 1564 1951 altae.

518 1988 650 2056 Kiska¹
673 1973 760 2077 suae,
783 1994 874 2056 tota⁸
895 1989 960 2056 latu
981 2011 1066 2079 quaa
1088 1999 1166 2056 uota
1188 1990 1249 2057 sub
1273 2001 1364 2058 arato
1385 2001 1444 2078 est,

518 2096 704 2163 Praeliba'sa
726 2119 819 2164 seara
842 2097 898 2186 qui
921 2097 1054 2185 praebat
1076 2097 1194 2185 ponda
1215 2097 1295 2186 regi,

419 2223 489 2270 ata.
523 2195 673 2289 Augusto
696 2204 766 2291 regi
789 2201 883 2288 lidus,
905 2225 971 2269 non
993 2202 1095 2290 impia
1117 2203 1195 2269 iana
1217 2212 1266 2270 ast

519 2309 585 2375 Pro
607 2308 745 2397 templis,
768 2307 922 2394 Romans,
946 2309 1012 2374 tuis
1035 2308 1164 2398 orisque
1187 2318 1327 2376 seautus.

611 2415 694 2502 Non,
717 2413 860 2500 Albarte,
882 2413 952 2500 tibi,
974 2414 1117 2500 Iussini‚⁴
1140 2415 1278 2504 pristina
1300 2415 1427 2482 Divum

521 2519 658 2608 Religio,
680 2530 789 2607 gestas
812 2520 878 2585 ima
900 2541 998 2606 quam
1021 2528 1130 2586 mente
1150 2529 1322 2608 repostam,

523 2625 659 2696 Excidit
681 2634 738 2691 aut
760 2625 835 2690 olim
861 2623 955 2713 pulsa
978 2623 1055 2690 ullis
1077 2624 1207 2691 excidet
1229 2625 1334 2690 aunis.

422 2755 492 2802 ase.
616 2731 686 2797 Nan
709 2729 926 2797 Vauuaslaum
951 2729 1081 2797 Niuolai
1103 2741 1214 2796 nostra
1236 2729 1345 2797 silebit

523 2839 676 2929 Calliope,
699 2836 930 2926 exaultumque
953 2836 1062 2903 virum
1085 2845 1117 2904 ot
1139 2836 1269 2926 piatatis
1291 2847 1464 2906 amantem.

524 2947 630 3030 Quam
653 2945 763 3014 nullae
785 2945 913 3014 excitus
935 2966 1040 3036 nuper
1062 2967 1194 3014 inavara
1216 2943 1377 3035 proeellas

525 3057 711 3126 Priseorum
734 3077 754 3124 a
776 3063 907 3147 patrum
929 3055 1003 3124 ritu.
1025 3055 1175 3124 Maturus
1198 3063 1231 3125 at
1253 3055 1327 3125 aevi

524 3167 706 3236 Novitiae*
728 3165 862 3258 paribus
885 3165 1003 3233 studiis
1026 3165 1208 3257 pietateque
1229 3189 1349 3235 noman

427 3295 497 3342 tao.
530 3273 715 3343 Romanum
738 3273 815 3342 uelit
837 3283 870 3342 at
892 3273 1021 3364 templis
1042 3274 1160 3343 indiuit
1181 3274 1328 3342 bonores.

619 3383 694 3450 Hos
715 3389 748 3449 et
770 3383 918 3468 Ioannes,
941 3383 1101 3448 maiorum
1122 3381 1212 3448 baud
1235 3381 1376 3470 degener
1398 3383 1531 3469 Ηιιίοο,ο

530 3488 719 3556 Observans
742 3489 887 3576 sequitur
909 3488 1050 3576 vasfigia
1071 3497 1148 3554 nota
1170 3509 1313 3555 suoruna

533 3715 543 3746 ²
561 3717 674 3768 Videtur
701 3731 759 3768 esse
778 3717 938 3783 Stephanus,
956 3718 1011 3769 (lux
1035 3717 1064 3768 in
1082 3717 1194 3782 strat,
1212 3717 1350 3784 palatinus
1368 3717 1565 3784 witebsaensis,

424 3804 505 3856 rebus
523 3805 629 3858 bellicis
646 3805 841 3873 prudentiaque
860 3807 957 3858 clarus.

533 3889 697 3954 'Nieulsuu
715 3893 798 3957 Petri,
817 3894 958 3946 eutellaui
986 3895 1116 3946 trucensis
1143 3901 1172 3946 et
1195 3894 1331 3959 espitsuei
1358 3894 1566 3960 sameqltiensiq

426 3977 509 4038 tillus,
539 3979 585 4043 qui
609 3994 633 4030 s.
663 3978 734 4032 1554
763 3981 876 4046 dapifer,
908 3996 932 4031 a.
965 3979 1036 4033 1556
1062 3981 1191 4046 piuesrns
1213 3979 1381 4048 (podsssssy)
1408 3981 1564 4046 lltusnieus,

427 4077 452 4115 ι
472 4063 542 4118 1ὁ69
560 4066 697 4130 palatinus
714 4067 877 4119 Podlsebiss
896 4068 955 4118 luit.
975 4067 1124 4133 (Bonieeki,
1144 4070 1241 4120 Posset
1258 4085 1280 4118 r.
1299 4083 1343 4134 pg.
1364 4065 1434 4134 188).

535 4147 633 4204 'Edit
654 4157 751 4216 „tutet⁸

534 4238 544 4270 ⁴
563 4241 725 4295 atelbertus
745 4243 875 4298 luslubslui
894 4253 953 4298 arat
971 4252 1028 4297 tutu
1048 4245 1242 4314 arclsisuuqirus
1257 4243 1407 4311 litamine,
1420 4260 1567 4297 annovera

427 4337 487 4395 pest
506 4333 595 4384 laetus
613 4341 654 4385 eet
672 4334 830 4403 capitaneus
852 4335 1000 4404 uspalunsle
1025 4345 1107 4404 atque
1131 4333 1311 4403 pentanensis.
1348 4333 1497 4402 (Benieeki,
1514 4335 1567 4388 Pa-

428 4425 487 4471 eset
497 4459 503 4471 .
514 4459 538 4472 ..
558 4439 601 4489 pq.
622 4422 701 4494 106).

537 4507 679 4566 ‘loannes
697 4516 827 4580 Andrum,
852 4515 880 4568 ni
906 4516 994 4580 fallor,
1022 4515 1153 4581 Novicbl,
1180 4517 1333 4582 preelectus
1362 4514 1493 4566 vilnensls
1522 4529 1566 4566 sse

430 4597 615 4656 tuta-1558.
635 4604 783 4671 (ltonieuki
801 4608 942 4659 Posset...
961 4623 1004 4674 pq.
1024 4605 1104 4675 ma).

537 4688 549 4720 ⁸
566 4693 680 4746 loannes
698 4695 804 4748 Nisolei
822 4697 918 4760 Haisa,
932 4703 988 4749 tum
1000 4697 1129 4764 magister
1141 4695 1242 4747 stabuli
1254 4693 1410 4762 mensis
1422 4698 1451 4744 et
1463 4691 1569 4744 salinus

430 4782 527 4849 regius.
547 4781 695 4848 (Bonieelsi
714 4785 838 4838 Posset..
858 4801 902 4852 pq.
921 4784 974 4856 69).

531 4877 637 4922 ments·
657 4882 683 4923 Τ,
701 4881 718 4924 Ι,
1427 4868 1462 4924 18
