4109 5767
563 729 629 798 182
1012 749 1091 784 mn
1109 749 1199 785 norm

563 815 612 836 ffl—
634 817 644 824 .
661 815 801 835 Η..--
853 815 930 835 aa
1217 816 1245 824 .-
1264 817 1300 824 .--.
1320 817 1391 825 --υ
1410 817 1633 836 ...m-...3⁴²4
1651 817 1707 837 -..ἑ

667 936 827 1027 Splendor
847 937 1015 1026 honorque
1036 936 1124 1024 olim,
1146 939 1301 1027 sequitur,
1323 939 1469 1027 iurisque
1490 940 1614 1027 peritus

667 1045 864 1113 Dembiuius
876 1049 896 1134 ¹,
919 1046 1030 1136 magni
1053 1068 1130 1137 pars
1153 1069 1219 1113 non
1242 1057 1405 1136 postrema
1426 1057 1569 1135 senatus,

667 1156 795 1223 Doctus
817 1157 978 1224 amicitias
1001 1156 1109 1225 colere
1129 1167 1163 1225 at
1183 1168 1242 1224 tua
1264 1180 1368 1246 sucro,
1390 1155 1542 1240 Quirina:

562 1285 633 1332 eoo.
666 1264 778 1334 Arelli
802 1266 945 1357 antiquis
968 1289 1032 1334 non
1056 1290 1092 1334 se
1112 1268 1279 1358 patiantur
1300 1267 1343 1335 ab
1366 1269 1441 1335 aris

757 1377 878 1467 Ampio
900 1376 1016 1444 donnus
1039 1389 1097 1444 tua
1117 1377 1214 1467 «quem,
1237 1377 1399 1465 Miolsci²,
1419 1375 1472 1444 his
1494 1375 1615 1444 nobilis
1629 1378 1710 1466 oris,

667 1486 817 1576 Amplior
839 1497 872 1554 st
894 1487 971 1554 fidoi
993 1487 1111 1573 studio,
1133 1488 1192 1553 tibi
1216 1487 1341 1574 suadet,
1364 1487 1398 1552 id
1421 1497 1490 1553 esto

667 1594 710 1660 Et
732 1593 855 1664 Romae
877 1596 1034 1662 infestum
1056 1594 1200 1684 depellas
1223 1596 1344 1662 finibus
1364 1595 1500 1661 hostem.

755 1701 807 1766 'Pu
830 1714 871 1789 et,
894 1701 1028 1769 Gabriel
1050 1702 1182 1788 Tatios,
1203 1702 1281 1769 bolli
1303 1701 1480 1768 simulacro
1501 1702 1588 1768 ciere

561 1828 631 1873 sss.
666 1807 799 1875 Gnams
820 1820 852 1876 ct
875 1811 908 1875 iu
932 1809 1041 1876 modia
1064 1809 1235 1898 proludere
1256 1809 1372 1876 doctus
1394 1831 1503 1896 arona,

664 1914 716 1981 Ac
740 1927 875 1982 mamam
899 1915 996 1983 dictis
1020 1916 1200 1982 accendero
1221 1929 1389 2004 promptos
1411 1928 1443 1982 at
1465 1915 1572 1997 lraste3

665 2019 884 2109 Albcrtusquc
906 2023 1025 2087 animis
1049 2044 1113 2086 non
1136 2020 1292 2086 inferiora
1313 2033 1454 2106 secutus,

665 2125 781 2193 Oleros
804 2127 1003 2214 imaginibus
1025 2131 1184 2193 maiorum
1207 2139 1240 2194 et
1262 2127 1360 2195 leude
1381 2150 1514 2194 suorum

664 2231 918 2319 (learncoviur,
942 2235 1100 2321 mitesque
1124 2235 1288 2300 forensia
1311 2245 1442 2322 pectore
1463 2256 1580 2300 seusus

560 2359 630 2403 eoo.
665 2339 835 2423 Iozeniue,
857 2341 912 2427 qui
936 2350 969 2406 et
991 2342 1151 2406 maiorum
1176 2341 1315 2427 vestigia
1337 2363 1474 2406 servans

665 2444 707 2512 Se
730 2444 838 2511 stabili
862 2447 993 2534 iugenio
1015 2449 1134 2537 priscis
1156 2446 1322 2515 Siouinius
1345 2459 1471 2536 aequat,

663 2552 790 2619 Noxius
813 2564 845 2620 ot
868 2552 949 2620 nulli
972 2554 1195 2641 Comorovius,
1218 2565 1315 2643 atque
1336 2555 1459 2643 peritus

664 2659 837 2728 Sarmatici
860 2663 940 2729 iuris
963 2661 1201 2749 Gomolinius⁶‚
1223 2661 1333 2751 ampla
1354 2674 1513 2752 vetusque

664 2769 707 2835 Et
731 2770 827 2858 stirps
850 2781 882 2838 et
905 2773 1008 2860 pictas
1031 2773 1119 2837 omni
1143 2771 1366 2839 Samotalius⁰
1387 2795 1481 2838 aevo:

558 2895 628 2941 sos.
663 2877 727 2942 Pro
750 2877 828 2943 latia
851 2891 1013 2966 opponent
1036 2903 1071 2944 so
1094 2879 1250 2966 religione
1272 2879 1426 2946 volentes.

751 2983 879 3049 Nobilis
902 2995 934 3051 ct
957 2995 1022 3072 tua,
1046 2985 1230 3071 Orctcovil,
1253 2986 1422 3052 notissima
1444 2987 1550 3052 virtus

662 3091 770 3178 Atque
793 3091 874 3158 fides
896 3131 941 3140 -
964 3093 1123 3180 aequique
1145 3091 1286 3179 bonique
1309 3092 1397 3158 haud
1420 3093 1588 3158 Lancius⁸
1619 3093 1705 3157 ortis

663 3311 672 3343 ¹
692 3313 850 3364 llombirlslri
873 3313 979 3377 istrione,
999 3321 1056 3364 tum
1075 3313 1239 3364 castellanus
1258 3314 1438 3379 sandsoonsia,
1457 3313 1518 3365 iudo
1537 3313 1572 3364 ab
1588 3329 1613 3365 a.
1628 3311 1698 3366 loca

554 3401 798 3456 vloollsoanurnaiaa
818 3403 901 3470 rogari.
921 3403 955 3454 uli
975 3419 998 3455 a.
1024 3401 1222 3470 liminaquos
1240 3404 1316 3471 requi
1334 3403 1521 3456 conr-ollarios.

662 3491 673 3524 ³
695 3495 805 3546 Vitiatur
823 3513 881 3546 osso
902 3494 1036 3560 Nicotaus,
1055 3495 1169 3560 iunianis,
1186 3511 1264 3561 quom
1278 3511 1303 3546 v.
1317 3493 1368 3546 ollis
1383 3495 1504 3546 laudavit
1517 3502 1605 3562 poeta,
1616 3494 1695 3559 lilius,

554 3583 600 3648 qui
621 3591 713 3651 postoa
732 3585 868 3653 palatinus
888 3585 1013 3636 i'odoiino
1033 3592 1060 3636 st
1079 3601 1193 3653 ariagnae
1212 3585 1266 3635 dlix
1285 3585 1450 3636 exercitamur
1469 3584 1545 3653 regni
1564 3585 1624 3636 luit.

663 3672 723 3727 ⁸11.
742 3675 834 3742 'iarlq
860 3675 989 3743 artemisios
1014 3675 1093 3726 arelao
1121 3675 1284 3726 Catlrnrinno
1312 3675 1429 3741 tegrinse,
1448 3675 1606 3742 capitaneus
1625 3673 1698 3726 cirol-

554 3763 663 3815 monsis.
682 3762 830 3832 (iiiruiciri¹
850 3766 1003 3832 Dulcia...
1024 3782 1067 3833 pg.
1086 3763 1123 3818 lo
1141 3767 1183 3833 Τ.)

661 3851 672 3882 ⁴
693 3854 881 3906 videturesse
900 3856 1026 3906 Albortua
1046 3854 1245 3919 Cacrnirowaki
1271 3855 1383 3918 aulicus,
1409 3862 1436 3905 et
1455 3862 1512 3905 tum
1536 3854 1697 3906 secretarius

553 3943 634 4010 aegia,
653 3943 699 4010 qui
718 3952 813 4011 peston
831 3945 995 3996 castellanus
1014 3945 1157 3996 steinensis
1176 3952 1203 3996 st
1221 3945 1356 4011 generalis
1373 3943 1427 3995 dux
1440 3945 1557 4011 liuguae
1570 3943 1697 3994 l‘olonias

554 4035 643 4086 iscius
662 4043 711 4087 est.
743 4036 818 4089 Alter
842 4036 969 4088 Albsrtus
995 4035 1186 4086 (isarrrlaowski
1211 4036 1304 4087 oodoni
1330 4044 1446 4102 tompore
1472 4034 1631 4101 capitaneus
1653 4051 1698 4085 oo·

553 4123 651 4175 atensis
670 4125 731 4176 fuit.

663 4209 674 4241 ⁸
692 4215 818 4265 Fortasse
837 4216 979 4282 Florianus
999 4215 1092 4266 Sarius
1110 4213 1286 4276 (lomolinski,
1305 4213 1517 4265 auocamerarias
1533 4212 1698 4276 siradieusia,

553 4301 599 4366 qui
619 4317 689 4352 nuuc
710 4299 779 4353 1598
798 4303 980 4354 marschaicus
999 4303 1166 4353 comitiorum
1181 4303 1339 4353 Vnraoviam
1351 4309 1559 4352 convocatorum
1577 4301 1636 4352 luit.
1656 4303 1697 4351 Da

554 4389 734 4443 Sieniuiorum
752 4397 833 4457 geute
852 4393 922 4442 coni.
942 4393 988 4443 Ks.
1009 4390 1164 4454 Bulrowslri,
1183 4391 1254 4441 illst.
1273 4391 1322 4440 rel.
1342 4392 1363 4454 1,
1383 4407 1426 4457 pg.
1445 4387 1498 4441 2⁶2
1517 4403 1576 4455 sqq.

661 4478 856 4532 “chcoslcus
881 4481 1093 4544 Samotulieusis‚
1121 4480 1211 4531 clarus
1237 4497 1267 4530 so
1294 4488 1410 4546 tompore
1436 4480 1554 4530 musicus
1578 4478 1700 4544 iurisque

556 4572 692 4637 professor
710 4570 737 4620 iu
757 4570 897 4621 academia
915 4570 1081 4622 cracoviensi
1099 4570 1140 4639 (l).

663 4655 766 4710 'Coei
787 4675 811 4710 r.
831 4658 892 4711 570.

660 4746 672 4776 ⁸
690 4749 816 4798 Fortasse
835 4747 953 4798 Maenius
966 4748 1061 4814 chlri,
1081 4749 1226 4800 canonicus
1239 4749 1428 4812 cracoviensis,
1441 4756 1527 4798 rector
1540 4747 1701 4799 academiae»

551 4851 668 4902 cracov„
686 4838 732 4903 qui
752 4837 810 4902 ipso
830 4852 854 4889 a.
875 4835 944 4887 1557
963 4844 1083 4887 mortuus
1102 4846 1150 4888 est.
