4109 5767
722 725 758 760 οι
776 724 915 764 insuaue
933 727 1089 765 nuntiauit
1107 729 1164 766 nse.
1474 710 1525 778 35

373 793 722 816 ΜΒΝ..
788 809 819 815 ..-
829 809 858 816 ...
867 809 983 818 ......-.-.
1002 811 1034 818 ....
1056 800 1095 818 ..·.·.
1115 795 1519 820 5¹.-.mma

483 915 614 1006 Ingenti
635 916 670 982 in
692 925 800 983 tunae
823 917 996 984 eomitatur
1017 917 1159 1007 plurima
1180 917 1292 1008 pubes.

483 1023 591 1088 Patris
612 1024 701 1089 euim
721 1045 846 1090 memor
867 1024 1033 1091 aethereas
1056 1026 1112 1113 qui
1135 1047 1239 1114 nuper
1261 1025 1304 1092 ad
1327 1048 1401 1093 osas

379 1148 450 1194 sta.
482 1126 608 1193 Ultima
627 1149 744 1215 passus
766 1129 805 1193 iit
827 1127 980 1216 caeloque
1002 1130 1152 1196 inveetus
1175 1141 1285 1219 aperto
1307 1141 1365 1216 est,
1428 1127 1429 1130 ’

483 1231 526 1296 nt
547 1231 650 1297 multa
672 1253 748 1298 eum
769 1231 868 1298 laude
890 1255 965 1298 suos
987 1234 1154 1321 vitamque
1176 1235 1315 1322 reliquit,

482 1337 683 1404 Maerentem
705 1339 818 1404 testari
840 1338 986 1403 unimam
1009 1339 1198 1426 tristemque
1220 1339 1363 1408 dolorem

484 1444 558 1510 Hae
580 1442 685 1510 veluit
707 1444 823 1532 speeie
847 1443 912 1525 Qui
936 1467 977 1512 ne
998 1445 1092 1512 laetis
1114 1444 1304 1538 hymenaeis

480 1551 587 1619 Triste
608 1573 703 1620 omen
727 1552 834 1638 ferret,
856 1551 995 1620 multum
1018 1551 1138 1622 dehine
1161 1552 1288 1621 eddidit
1310 1577 1436 1645 aarum,

379 1680 450 1726 ase.
480 1659 665 1750 Terquibas
687 1669 720 1728 et
741 1661 881 1749 geminis
903 1663 1049 1729 oneravit
1073 1661 1157 1729 eolla
1179 1672 1379 1754 sequentum.

572 1768 638 1835 Hie
653 1791 781 1858 queque
795 1770 940 1836 eonsiliis
952 1769 1134 1838 Voisehus¹
1156 1770 1394 1861 puieherrimus
1405 1780 1521 1839 auetar

482 1874 614 1963 Ingenti
637 1875 784 1962 splendet
806 1886 914 1943 turma
935 1885 968 1944 et
990 1877 1192 1966 fulgentibus
1215 1880 1323 1966 armis,

483 1981 592 2070 Atque
615 2005 711 2048 suum
732 2006 843 2070 segem
866 1983 967 2050 multe
991 1985 1165 2051 eomitatur
1186 1983 1314 2052 honore

574 2080 639 2156 Hie
660 2089 880 2176 deiviloum,
903 2089 978 2156 duri
1000 2092 1064 2156 tria
1086 2090 1225 2158 fulmina
1247 2093 1361 2158 Martis
1373 2097 1394 2180 ¹,

379 2215 451 2262 ssa.
481 2195 668 2264 Barbarieis
691 2196 863 2286 splendent
885 2198 919 2264 iu
941 2199 1035 2287 equis
1058 2199 1224 2288 saeptique
1246 2208 1377 2266 eaterva

483 2303 623 2391 Ingenti,
645 2304 747 2372 multe
769 2305 913 2394 insignes
936 2314 1125 2394 spectentur
1146 2306 1181 2370 in
1203 2327 1291 2371 auro.

573 2410 721 2496 Inelitus,
743 2410 797 2477 hie
819 2409 906 2478 bello
928 2420 1004 2476 tuus
1026 2421 1076 2476 est
1097 2411 1255 2477 Leneieia
1278 2411 1425 2497 duetar⁸,

484 2513 649 2579 Maximus
671 2513 725 2581 hie
747 2515 856 2598 annis,
880 2515 1152 2600 Iaovodislavia⁴,
1174 2513 1292 2582 duetor

485 2618 545 2682 Est
566 2628 656 2701 tuus3
679 2629 794 2684 ornatu
817 2619 1023 2706 resplendent
1046 2619 1141 2685 ambo
1164 2618 1290 2705 deeora,

379 2744 450 2790 aaa.
481 2723 589 2790 Cineti
612 2722 708 2789 ambo
731 2722 834 2790 nitido
858 2725 1011 2790 eomitatu
1036 2725 1198 2814 armisque
1219 2745 1363 2792 eoruseo.

577 2830 642 2896 Hie
664 2829 1018 2918 inlinendumque
1041 2831 1190 2898 tardante
1213 2841 1351 2920 senecta,

484 2937 577 3003 Missi
601 2937 692 3004 ibant
715 2938 849 3004 iuvenes
873 2961 948 3004 earo
972 2961 1029 3026 pso
1053 2948 1152 3027 patra7
1175 2937 1303 3026 gradlvi

485 3045 599 3114 Gloria
621 3068 718 3134 quam
740 3047 855 3112 Martis
878 3045 997 3113 multas
1019 3047 1166 3114 exorauit
1189 3069 1300 3134 annas,

485 3155 576 3221 Dum
599 3155 686 3221 vires
708 3153 875 3243 solidoque
897 3153 1030 3242 vigebat
1052 3177 1185 3244 eorpore
1208 3155 1355 3244 sanguis:

383 3283 453 3328 ses.
483 3262 611 3328 Dextra
632 3261 688 3328 hia
710 3285 811 3350 regno
833 3262 920 3349 olim,
943 3262 1041 3328 dietis
1063 3284 1152 3330 nune
1175 3261 1264 3328 utilis
1286 3272 1407 3329 auctor.
1439 3311 1442 3318 -

573 3368 647 3436 Ibat
669 3378 701 3434 et
723 3368 778 3436 hie
799 3369 939 3455 Bonam,
961 3377 1096 3454 argento
1119 3368 1315 3456 spectandus
1337 3379 1369 3434 et
1387 3391 1523 3456 euro,-

484 3474 590 3539 Filius
611 3474 701 3540 hune
723 3475 825 3560 iuxta,
846 3473 985 3560 insignis
1008 3473 1189 3560 florensque
1210 3473 1351 3560 iuventa,

484 3580 630 3668 Argante
652 3580 764 3668 multo,
786 3580 888 3646 multo
910 3579 1132 3646 eireumdatus
1154 3601 1243 3666 euro,

487 3793 494 3825 ¹
515 3794 614 3847 Paulus
634 3794 757 3847 Dianiaus
777 3793 890 3858 Weiski,
909 3801 965 3846 tum
984 3811 1099 3862 magnus
1117 3792 1193 3861 regni
1212 3792 1398 3846 cancellarius,

483 3883 495 3915 ¹
513 3885 635 3938 Forum
652 3885 722 3937 inter
739 3899 784 3936 ses
797 3885 878 3937 etiam
892 3883 1018 3936 Nicotaus
1032 3884 1123 3951 Niger,
1144 3891 1199 3934 tum
1209 3881 1244 3937 28
1256 3899 1339 3934 anuas
1354 3889 1443 3944 natus.
1453 3889 1521 3937 erat.

484 3970 627 4025 'iesum
645 3971 791 4040 Ogetiesyk
814 3970 996 4035 Neieielseki,
1023 3971 1160 4038 palatinas
1186 3971 1345 4023 studione·
1371 3972 1423 4024 abl.
1450 3968 1521 4024 1⁶45

376 4061 526 4129 (Nisaeum
546 4089 577 4100 -
599 4062 678 4113 liebr.
697 4061 799 4126 lietb).

485 4146 577 4201 ‘Nise
596 4147 805 4200 iuevledisiavie
821 4146 1015 4212 (momontum,
1034 4144 1264 4214 langen-bealae).
1290 4145 1441 4198 Secundum
1459 4145 1522 4197 Nis-

380 4238 465 4291 sieekl
484 4267 516 4277 -·
536 4239 615 4290 Nuba.
634 4237 717 4291 lietb.
737 4239 757 4299 Ι,
777 4236 837 4291 179.
866 4235 1128 4289 ineviadiaiuieusis
1156 4235 1292 4304 palatinus
1310 4242 1370 4288 eret
1387 4233 1438 4289 hue
1456 4241 1523 4288 tam·

382 4343 446 4394 pore
463 4328 532 4381 ulter
550 4328 664 4378 ioannes
682 4325 828 4396 tigeiaesyk
847 4325 1025 4379 lieieieiseki.

488 4413 500 4446 ⁸
519 4417 643 4467 t'ertssse
661 4415 817 4483 designatur
836 4415 963 4468 Nicotaus
982 4411 1153 4481 usleipam,
1178 4413 1314 4481 palatinas
1338 4413 1524 4480 Pausanias,

381 4505 427 4571 qui
444 4505 513 4558 obiit
530 4521 555 4558 a.
576 4501 653 4559 1544.

488 4591 631 4647 ‘videtur
653 4610 712 4647 esse
735 4595 858 4661 ioannes,
876 4593 949 4646 lilius
973 4592 1007 4644 de
1031 4593 1179 4646 Beatum
1196 4592 1302 4658 Boeoti,
1327 4589 1429 4644 divitiis
1447 4589 1524 4658 elati,

380 4681 496 4737 &1528
512 4684 622 4748 mertui,
647 4683 726 4748 tilius,
743 4683 861 4748 nutius,
885 4698 937 4750 que
961 4682 1071 4734 ltlissbe
1095 4681 1219 4747 devertit,
1242 4681 1328 4745 heres,
1353 4680 1399 4748 qui
1421 4687 1524 4748 pestes,

380 4773 546 4827 castellanus
563 4772 701 4826 Bieeeusis
721 4772 782 4827 tuit.

1383 4857 1416 4910 3-
