4109 5767
747 707 783 744 sc
800 708 914 743 roseros
931 708 1079 744 suarem
1097 708 1288 751 recessusque.
1536 691 1581 759 75

546 901 757 990 Immitesque
779 902 848 969 sero
871 902 1061 970 fundentem
1084 912 1188 970 marte
1211 901 1399 969 Valachos¹

599 1009 645 1076 Et
667 1008 862 1076 starodubeo
884 1009 1006 1099 pingue
1028 1031 1144 1077 cruore
1167 1009 1285 1076 solum:

546 1117 718 1206 Scipiadas
741 1139 856 1184 saevos
878 1127 911 1184 et
933 1140 1090 1205 magnum
1113 1139 1230 1184 nomen
1253 1117 1398 1204 Atrides,

600 1223 808 1312 Hectoraque
830 1232 863 1290 et
884 1223 1052 1315 Pyrrhum
1075 1223 1208 1290 nomina
1230 1223 1307 1290 dcta
1328 1233 1437 1312 neget.

466 1350 513 1395 se.
542 1329 678 1417 Iamque
700 1352 797 1396 suum
823 1329 965 1416 Oannae,
991 1331 1057 1396 iam
1087 1331 1153 1418 iam
1183 1329 1393 1396 Trasimenus
1423 1330 1581 1397 honorem

599 1434 731 1523 Accipit
752 1444 786 1502 et
806 1436 909 1502 Poeni
930 1435 1056 1504 credita
1078 1437 1167 1502 fama
1185 1435 1259 1502 viri.
1350 1493 1352 1500 .

546 1540 593 1606 Te
615 1539 686 1607 sine
707 1541 890 1628 priscorum
912 1541 1085 1609 cecidisset
1106 1540 1195 1607 fama
1219 1540 1373 1629 virorum,
1407 1579 1409 1586 ·

599 1644 646 1713 Te
668 1647 740 1713 sine
761 1669 826 1713 non
848 1654 934 1715 esset
955 1645 1080 1714 credita
1102 1644 1191 1712 fama
1213 1654 1317 1713 vetus.

432 1810 443 1852 Ι.
547 1752 637 1841 Ergo
658 1751 766 1841 fidem,
789 1751 858 1820 dux
880 1753 1074 1820 sarmaticae
1098 1751 1274 1819 fortissime
1295 1751 1411 1841 gentis,

443 1847 448 1853 ⁷
489 1880 540 1928 ao.
599 1861 732 1951 Accipit
754 1884 774 1928 a
796 1861 894 1928 factis
917 1859 1023 1948 gloria
1044 1860 1154 1948 prisca
1176 1860 1255 1942 tuis3
1360 1891 1363 1898 ·

548 1967 722 2035 Servatum
744 1968 805 2035 tibi
826 1968 936 2058 prisca
957 1977 1047 2034 aetas
1068 1965 1158 2034 hunc
1180 1965 1277 2033 debet
1298 1963 1454 2056 honorem

601 2074 696 2169 Iliias
718 2086 751 2143 et
773 2075 881 2142 famae
902 2075 1008 2164 portio
1031 2095 1152 2167 magna
1174 2082 1230 2140 tua
1252 2083 1310 2164 eet
1336 2105 1339 2110 ·

971 2268 1024 2335 111
1035 2275 1056 2333 ¹.

550 2392 678 2459 Fabula
700 2415 784 2482 quae
806 2393 915 2460 fuerat
935 2393 1026 2459 Mars
1048 2392 1166 2481 priscis
1189 2390 1297 2458 dictas
1319 2389 1354 2456 in
1374 2353 1486 2474 armis,

603 2501 713 2568 Desiit
734 2523 806 2568 esee
827 2511 898 2568 sato
921 2498 1036 2567 sabula
1057 2498 1233 2594 Tamovio.

973 2693 1023 2760 IV
1034 2698 1055 2758 ⁰.

551 2818 604 2885 Da
625 2827 666 2905 te,
688 2819 717 2884 ai
739 2819 834 2885 iuxta
855 2841 948 2907 reges
970 2817 1044 2906 quia
1068 2815 1176 2884 dicere
1199 2821 1308 2898 tentet,

605 2924 657 2993 De
679 2935 719 3013 te
741 2925 898 3012 Ternovi,
920 2923 1031 2992 dicere
1053 2922 1157 2990 multa
1178 2930 1296 3012 potest3
1353 2958 1359 2971 ·

552 3032 618 3100 Hic
640 3055 733 3121 reges
755 3033 844 3098 inira
866 3032 895 3099 si
917 3031 997 3121 quid
1020 3029 1202 3116 tentaverit,
1226 3027 1313 3095 idem

605 3139 720 3226 Dete,
743 3139 901 3225 Tarnevi,
923 3138 1034 3205 dicare
1056 3147 1177 3204 cuncte
1198 3144 1311 3224 potest

493 3266 520 3310 s.
558 3243 644 3309 Nam
666 3254 723 3310 tae
746 3245 954 3332 sceptrigeris
976 3245 1084 3312 virtus
1106 3252 1139 3310 te
1160 3241 1293 3330 regibus
1316 3249 1443 3328 aequat,

607 3349 823 3438 Sceptrigeris
845 3349 926 3428 facit
947 3359 980 3416 et
1001 3349 1135 3436 regibus
1157 3369 1229 3416 esse
1251 3367 1376 3436 parem3

553 3453 690 3542 Sceptra
710 3453 799 3520 infra
819 3464 852 3520 et
875 3455 981 3521 fasces
1004 3454 1033 3519 si
1055 3453 1227 3541 quisquam
1250 3451 1406 3536 conseret,
1428 3450 1534 3516 omnis

607 3560 730 3626 Tecum
752 3559 891 3627 collatus
914 3558 1064 3628 samaa
1086 3558 1207 3646 vulgus
1229 3557 1301 3624 erit

555 3859 565 3890 ¹
584 3863 734 3913 'ramerius
751 3861 806 3912 iem
825 3861 930 3912 iuvenis
949 3857 973 3910 e.
995 3857 1064 3912 1509
1083 3859 1110 3909 in
1128 3857 1200 3909 bsiio
1218 3864 1313 3910 centra
1327 3857 1493 3924 Βοςᾶιιιιιω,
1505 3855 1587 3908 Veis·

448 3949 558 4003 chorum
575 3948 679 4013 ducem,
697 3949 743 4015 qui
761 3949 889 4000 Poloniee
906 3948 972 3999 fines
991 3947 1125 3999 hostiliter
1143 3961 1285 4014 aggressus
1297 3951 1364 4010 eret,
1383 3943 1451 3998 duee
1463 3959 1587 4012 supreme

447 4038 560 4094 iiicolee
578 4037 766 4090 Kemieniecki
784 4037 892 4088 virtutis
910 4036 1059 4102 specimina
1077 4034 1169 4098 edidit,
1193 4039 1288 4100 postea
1306 4049 1370 4085 rsrc
1388 4033 1446 4100 ipse
1464 4034 1518 4085 dux
1535 4033 1587 4086 Pe·

447 4125 570 4178 lencmm
588 4120 726 4192 supremus
745 4127 834 4178 iectus
852 4141 877 4176 e.
898 4123 966 4178 1531
985 4127 1095 4176 Petrum
1112 4122 1262 4192 (Paulis),
1287 4122 1469 4176 Valechcmm
1492 4123 1588 4176 decem

448 4215 609 4268 Poioncmm
626 4221 713 4267 terras
731 4220 884 4267 restantem
901 4213 1005 4266 duobus
1024 4211 1140 4281 proeliis,
1159 4227 1271 4279 querum
1289 4211 1404 4264 alteram
1422 4212 1457 4263 ed
1475 4211 1589 4278 Oberty·

448 4320 514 4356 num
531 4305 702 4357 commissum
720 4310 769 4369 est,
787 4305 907 4372 graviter
925 4303 1033 4368 afflixit,
1051 4303 1091 4355 ite
1109 4309 1139 4354 ut
1157 4317 1251 4370 pacem
1270 4317 1288 4352 e
1305 4301 1413 4354 Peioris
1432 4307 1522 4368 petere
1535 4299 1590 4352 sint

449 4393 538 4446 eoacti
555 4392 711 4461 (Nieeiecki
736 4394 858 4445 Herbers
876 4393 916 4446 ed.
936 4392 1100 4458 nobrowies,
1118 4393 1166 4456 IX,
1184 4388 1234 4456 ⁴03
1258 4390 1411 4456 monensi,
1430 4389 1524 4457 Deieje
1541 4403 1590 4442 es·

449 4481 516 4534 redu
533 4481 630 4550 pelsk.;
647 4483 827 4550 Jsgieiiorrie,
845 4483 954 4535 Pomm
974 4480 1053 4546 1871,
1072 4498 1116 4548 pg-
1135 4479 1188 4536 287
1207 4497 1245 4548 eq.
1265 4487 1293 4532 et
1310 4479 1363 4534 aba
1381 4479 1439 4548 sip).

462 4573 465 4578 '
558 4568 570 4600 ¹
587 4571 665 4623 Corn.
686 4569 727 4624 16.

558 4657 570 4689 ⁸
588 4660 665 4712 Germ.
683 4659 727 4714 48.
