4109 5767
544 769 611 834 164
1018 787 1098 824 mm
1115 788 1207 825 norm

647 979 827 1049 Aethereua
849 979 943 1048 aeder
966 991 1024 1048 aut
1045 980 1153 1049 infera
1174 1004 1277 1072 regna
1298 1005 1439 1073 manere,
1578 1049 1583 1058 .

646 1089 808 1158 Aeternue
829 1111 951 1180 ροοιιαε
973 1100 1007 1157 et
1029 1089 1218 1159 inevitabile
1240 1090 1359 1179 iatum3

545 1219 613 1264 rra.
643 1197 738 1280 Quae
759 1209 900 1288 purgent
921 1198 995 1266 loea
1016 1221 1077 1266 noo
1099 1199 1228 1268 levibuu
1251 1202 1417 1268 oonmaria
1438 1203 1544 1291 noxie,

647 1306 739 1389 Qun
761 1307 859 1374 venia
880 1306 998 1397 dignas
1022 1306 1102 1375 feeit
1123 1308 1226 1396 Deua,
1248 1330 1320 1377 eoae
1341 1320 1440 1398 negat
1461 1334 1543 1399 gene

646 1414 856 1506 Abrumpena
878 1415 929 1482 fae
951 1438 1057 1503 omne,
1078 1417 1143 1504 piia
1165 1415 1251 1484 male
1272 1426 1306 1484 et
1326 1418 1428 1507 impia
1449 1419 1604 1486 mieeena:

645 1519 778 1589 Soilieet
799 1521 882 1589 haee
903 1523 1061 1609 figmenta
1082 1525 1156 1588 auai
1177 1522 1307 1590 ludiera
1327 1546 1456 1592 vocure

645 1625 730 1693 Inde
752 1625 817 1693 alia
839 1637 936 1714 atque
959 1627 1034 1712 aun,
1056 1637 1106 1693 eet
1127 1649 1212 1715 quae
1234 1649 1487 1696 uommemorare
1509 1629 1667 1697 canendo

544 1753 612 1830 rao.
646 1733 769 1820 Ingena
790 1743 823 1800 et
845 1733 964 1799 noenia
987 1733 1092 1799 maior
1113 1733 1206 1800 luber
1227 1733 1380 1801 omnibus
1402 1737 1500 1802 aueie.

605 1885 608 1891 -
644 1841 856 1930 Praestiterit,
878 1840 1026 1930 referam,
1050 1840 1178 1930 fulgent
1200 1852 1279 1930 quot
1301 1842 1410 1910 eideru
1431 1843 1522 1910 eaelo

643 1949 877 2040 Veetigemque
899 1950 986 2018 idem
1008 1973 1183 2018 numerum
1205 1951 1356 2018 flaventis
1378 1974 1506 2040 monae,

643 2059 734 2128 Fure
755 2060 841 2127 iaoet
861 2061 947 2126 vasti
971 2059 1086 2128 ooeani
1108 2082 1192 2151 quae
1213 2059 1308 2128 litore
1329 2069 1405 2127 toto.

643 2167 690 2236 Hi
712 2177 827 2236 aontm
851 2190 911 2234 noe
934 2178 1030 2256 ment,
1052 2167 1112 2235 hoe
1134 2190 1323 2257 oppugnare
1344 2189 1478 2235 neeeeae
1500 2179 1551 2235 eet

541 2300 609 2346 aaa.
642 2277 749 2366 Inque
769 2277 859 2345 viam
880 2298 980 2365 quam
1002 2299 1080 2342 mox
1102 2297 1258 2342 renouare
1279 2297 1388 2344 errore
1408 2275 1530 2344 relioto.

732 2385 784 2452 'I'u
806 2383 912 2474 modo,
934 2384 1005 2451 dux
1027 2385 1216 2474 Lipomane
1237 2384 1355 2474 pedem
1377 2382 1529 2452 ieliaibus
1552 2384 1637 2454 infer

640 2495 821 2585 Auspiciis:
845 2493 994 2582 adean
1016 2503 1075 2560 tua
1096 2515 1173 2559 mox
1196 2493 1252 2582 qui
1275 2494 1370 2582 signa
1391 2503 1579 2582 aequantur,

641 2603 794 2692 Insignee
815 2603 936 2691 pietate
957 2602 1032 2689 viri,
1055 2600 1176 2690 quibus
1198 2600 1313 2668 inolita
1333 2601 1425 2669 eordi
1448 2612 1497 2668 eet

641 2709 770 2798 Religio
792 2712 847 2776 et¹
868 2709 988 2777 veteris
1010 2710 1172 2775 maiorum
1194 2706 1284 2774 haud
1306 2709 1449 2797 paenitet
1471 2708 1554 2794 oevi,

539 2837 608 2883 reo.
640 2815 716 2882 Non
737 2815 827 2902 paesi
847 2835 971 2880 vaenue
992 2812 1162 2902 palearum
1184 2837 1275 2881 more
1295 2836 1354 2901 per
1376 2835 1474 2880 aurae

637 2919 767 3009 Impelli
789 2929 823 2987 et
844 2941 1040 3009 quoeunque
1062 2928 1139 2985 uoto
1160 2921 1196 2984 in
1219 2919 1384 2985 contrariu
1407 2919 1496 2985 ferri.

639 3027 780 3093 Immote
803 3037 890 3092 etant
912 3037 1021 3092 mente
1044 3035 1201 3113 tuumque
1223 3025 1408 3092 volentibus
1431 3049 1543 3092 omnes

639 3131 842 3220 Exspectant
864 3131 982 3198 animis
1006 3142 1158 3219 coeptum
1178 3142 1300 3219 tuaque
1323 3153 1397 3197 urea
1419 3143 1595 3197 morantur.

730 3239 812 3326 Hoe,
835 3241 892 3326 qui
914 3261 1010 3305 suere
1032 3238 1144 3305 uolunt
1166 3249 1199 3305 et
1220 3237 1317 3326 plena
1339 3260 1460 3304 numen
1484 3261 1599 3305 aoerru

538 3368 606 3415 rea.
637 3348 818 3414 Aeternum
840 3356 1047 3433 venerantur,
1070 3355 1184 3431 avent3
1208 3345 1280 3434 hoe,
1302 3347 1358 3435 qui
1380 3345 1513 3412 horrida
1535 3355 1677 3413 tractant

637 3454 732 3523 Bella
754 3478 854 3523 manu
877 3465 909 3523 et
931 3453 1077 3544 gaudent
1099 3453 1235 3543 depulso
1257 3454 1379 3522 finibus
1400 3454 1493 3521 horte

638 3561 681 3634 Se
702 3573 736 3633 et
757 3565 898 3655 patriam
921 3587 1076 3632 servasse
1106 3564 1188 3630 Tuis
1211 3586 1282 3631 seeo
1303 3562 1422 3631 inferet
1444 3563 1523 3630 ordo

636 3674 782 3764 Inoeptie
804 3675 929 3762 ingens.
958 3672 1134 3740 Nioolunm
1156 3674 1263 3762 prima
1285 3684 1473 3762 sequentem

635 3782 875 3870 Dnirgovium²
896 3783 991 3870 signa
1012 3782 1145 3869 uepieio,
1168 3783 1222 3848 eui
1244 3782 1354 3870 prieoe
1375 3779 1547 3848 ferendum

534 3913 604 3956 uo.
637 3887 773 3956 Gneena
794 3889 916 3977 pedum
938 3888 1030 3955 dedit
1052 3899 1084 3955 et
1106 3889 1228 3976 primae
1251 3890 1411 3954 oonoeeeit
1432 3887 1580 3974 honores,

636 3994 757 4063 Omnia
779 3996 945 4063 foetorum
967 4006 1000 4062 et
1022 3994 1105 4062 nulli
1128 3995 1299 4082 indulgere
1320 4007 1479 4083 puratum,

635 4103 683 4170 Ut
704 4114 835 4170 tueeum
857 4103 1044 4193 Thybrim⁸
1066 4113 1098 4168 et
1120 4124 1271 4168 romanoe
1294 4112 1400 4169 servet
1422 4102 1568 4187 honores,

633 4210 743 4296 Atque
764 4206 860 4294 ultro,
884 4211 911 4274 ei
935 4231 987 4276 ree
1009 4219 1133 4297 poseat,
1155 4207 1353 4296 profundere
1374 4210 1486 4295 vitam,

724 4315 824 4380 Huno
845 4315 938 4380 iuxta
961 4337 1044 4403 gene
1066 4313 1152 4381 leeta
1174 4315 1256 4402 Deo,
1278 4337 1362 4402 quae
1384 4315 1499 4380 altaria
1517 4313 1672 4382 Gneenae

531 4445 600 4488 ua.
634 4421 724 4488 'Pura
747 4423 855 4489 serene
878 4421 1009 4489 scandit
1032 4422 1130 4488 Divie
1152 4422 1187 4487 in
1211 4431 1287 4488 vota
1309 4423 1443 4508 voeatis,
1458 4461 1508 4512 ¹—

635 4669 727 4724 ¹seit
748 4673 858 4739 „quoa“.

634 4757 695 4812 ²A.
715 4758 785 4813 tuto
804 4761 917 4813 Ouiavla
935 4761 1072 4814 (iuuenum
1091 4761 1182 4815 nedem
1201 4761 1349 4828 uumtulit,
1367 4762 1420 4814 obi.
1438 4778 1463 4815 ι.
1483 4759 1563 4815 1569.
1659 4777 1663 4783 ’

632 4845 644 4877 ⁸
662 4847 710 4901 Ed.
730 4847 882 4914 „Thumum
901 4851 1039 4914 'l'ybrim“.
