4109 5767
734 809 771 845 AB
788 809 902 846 {01:0¹oe
918 810 1067 846 ΙΙΙΔῚὋΙΙΙ
1084 810 1276 855 ”wulwin-

538 997 602 1066 Illa
624 998 708 1068 ulbir
731 997 814 1067 tollit
836 999 1009 1088 nigrantia,
1033 998 1176 1068 eandida
1198 1001 1309 1091 nigris,

591 1107 771 1197 (letumque
792 1109 947 1199 oppositio
970 1108 1086 1178 oedere
1108 1110 1198 1178 riote
1221 1109 1309 1178 fauit

538 1215 660 1282 Iisdem
682 1216 797 1284 eedem
819 1218 923 1285 neeoit
945 1227 1064 1285 uotum
1085 1219 1247 1302 eviuoere3
1271 1220 1384 1308 uomit,

457 1346 506 1390 ιο.
589 1324 711 1390 Iisdem
733 1324 848 1392 eedem
870 1325 941 1392 tolli
964 1347 1030 1413 qua
1052 1325 1177 1392 ratione
1199 1334 1327 1414 queant

538 1429 661 1496 liudem
683 1430 797 1497 eadem
819 1430 878 1497 aed
900 1440 937 1497 tu
960 1431 1087 1516 eedaut,
1109 1430 1348 1520 puluherrimua
1371 1442 1494 1520 auotor,

590 1536 708 1623 Ignota
730 1558 839 1603 rerum
862 1537 897 1602 vi
920 1545 952 1603 et
973 1536 1099 1604 ratione
1122 1536 1213 1604 leuia

537 1640 665 1708 Natura
685 1665 763 1730 ergo
785 1654 842 1710 tuo
863 1643 986 1710 vietam
1009 1665 1045 1709 ae
1067 1665 1201 1710 mouere
1224 1641 1321 1731 dieat,

591 1747 634 1816 Se
655 1758 688 1815 et
710 1749 816 1817 muiue
838 1771 961 1817 nomeu
983 1771 1103 1817 munus
1126 1748 1246 1816 habere
1267 1760 1371 1816 tuum.

968 1941 1036 2008 1L¹

536 2065 733 2133 Pontificum
756 2065 887 2134 Samuel
911 2064 1021 2153 deone,
1044 2075 1076 2133 et
1098 2064 1199 2133 deoue
1222 2065 1350 2134 aethere
1372 2066 1519 2156 dignum,

591 2173 706 2260 Verre,
727 2196 827 2263 quam
849 2172 996 2261 oolimua,
1018 2172 1186 2264 religionis
1208 2195 1302 2264 apex,

536 2281 656 2349 Poetae
679 2281 766 2369 mite,
787 2283 879 2372 pium
901 2290 1014 2373 peetus
1038 2291 1270 2373 mansuetoque
1292 2281 1406 2372 virtue,

590 2391 704 2456 Virtus
726 2389 869 2458 sidereos
891 2391 992 2480 (liguo
1014 2401 1124 2458 tenore
1147 2390 1271 2480 olores,

476 2515 503 2562 e.
534 2496 683 2563 Iustitiae
705 2506 814 2564 cortou
837 2506 870 2565 et
890 2497 1045 2565 honestae
1067 2497 1181 2586 regula
1203 2498 1304 2566 vitae:

590 2603 664 2668 Non
687 2602 773 2690 quod
796 2613 842 2689 tu,
863 2602 951 2689 quod
973 2603 1047 2670 vult
1068 2602 1187 2691 lexque
1208 2606 1374 2690 Deaeque,
1396 2601 1490 2670 faeie.

537 2705 603 2774 Sed
624 2707 704 2793 quid
726 2730 787 2794 ego
809 2707 931 2793 rollers,
953 2709 1033 2794 quid
1056 2731 1117 2795 ego
1139 2730 1197 2795 per
1219 2707 1350 2796 ringula
1371 2727 1468 2774 earm

590 2813 634 2878 Et
651 2812 770 2878 ‘laudea
792 2822 880 2880 teuto
901 2813 1110 2880 dinumerare
1132 2813 1228 2879 tuae?

535 2918 713 2986 Possumus
734 2918 797 2987 hoo
820 2919 855 2986 iu
878 2929 910 2988 te
933 2918 1067 2987 laudare
1089 2930 1121 2988 et
1143 2941 1315 3009 potamos
1337 2917 1433 2986 illud:

454 3042 502 3091 to.
584 3025 674 3092 Lanu
696 3035 754 3093 tuo
776 3049 841 3093 nou
865 3050 930 3094 uuo
951 3036 1000 3094 eet
1023 3025 1251 3094 constituenda
1272 3026 1353 3094 loeo.

534 3131 630 3199 Unus
653 3133 714 3200 erit
736 3132 852 3200 modus
874 3132 941 3201 hio:
965 3133 1031 3215 Qui
1054 3134 1096 3200 de
1118 3142 1150 3201 te
1171 3132 1313 3222 plurima
1334 3132 1425 3221 dioit,

586 3239 688 3306 Dieat
709 3239 805 3328 pluro
826 3239 912 3327 lieet,
934 3238 1044 3308 dicere
1066 3239 1162 3331 plura
1183 3249 1296 3328 potest

956 3436 1042 3502 111¹.

533 3560 719 3648 Langueuti
741 3584 861 3628 muuua
883 3561 1009 3648 mieirti,
1033 3584 1153 3627 munus
1175 3559 1296 3650 egenti3

587 3668 743 3756 Languor
764 3677 955 3758 egestasque
977 3677 1026 3736 ert
1048 3688 1183 3735 munere
1204 3665 1300 3757 pulsu
1322 3675 1387 3734 tuo.

534 3773 637 3841 Laeta
658 3774 748 3842 uulua
771 3775 868 3842 rediit
890 3777 979 3843 vitae
1000 3785 1033 3843 et
1054 3798 1154 3865 prope
1177 3774 1328 3863 adempte
1350 3774 1501 3864 laoultae,

587 3881 753 3972 Ooueepta
774 3886 847 3950 eet⁸
867 3891 934 3950 toto
956 3892 1086 3971 pectore
1108 3882 1240 3950 laetitia

475 4007 502 4051 r.
533 3985 627 4066 Quae
648 3989 768 4055 medioi
791 3991 893 4055 uortri
915 3999 948 4056 et
970 4011 1054 4077 quae
1076 4011 1142 4055 nou
1163 3997 1296 4076 potuere
1319 3986 1445 4054 laborer

586 4091 721 4179 Tollere,
744 4099 856 4161 nuuo⁴
878 4116 997 4160 muuua
1019 4092 1154 4160 abstulit
1177 4092 1234 4159 illa
1256 4103 1358 4158 tuum.

532 4196 668 4264 Munere
689 4221 749 4287 pro
771 4199 838 4286 tali,
859 4222 944 4289 quoe
965 4199 1056 4267 eaelo
1079 4199 1214 4266 uumiuu
1236 4199 1337 4265 iurtor

585 4303 790 4395 lleepeotuut,
812 4329 872 4397 pro
893 4329 947 4376 me
967 4307 1113 4398 praomia
1135 4305 1236 4397 digua
1259 4305 1374 4374 forant.

535 4599 543 4632 ¹
563 4601 640 4653 coru.
658 4598 696 4656 44
712 4619 752 4670 aq.

533 4686 545 4719 ⁸
563 4690 641 4742 coru.
659 4687 696 4744 46
712 4691 763 4744 rub
782 4693 875 4744 titulo:
889 4692 953 4758 ,Ad
970 4691 1131 4758 Samuelem,
1150 4691 1330 4758 opuoopumt

534 4773 613 4830 'lla
634 4785 691 4844 „ert
709 4781 762 4833 ον’.

532 4864 544 4896 ⁴
562 4869 612 4919 llr.
633 4869 684 4933 „Et
702 4885 771 4936 quae
789 4871 868 4922 uou‘.
