4109 5767
559 378 630 444 386
1045 395 1124 432 mn
1143 396 1231 433 nonu

670 591 759 658 Oura
781 590 898 656 domus
922 588 1046 674 subeat,
1071 589 1153 654 duro
1177 610 1219 653 ne
1243 599 1337 677 perte
1360 587 1470 655 labore

725 700 923 789 Dispereent
946 698 1039 787 segni
1062 697 1233 785 postmodo
1256 696 1392 764 desidie.

585 828 588 835 ’
670 808 802 873 Primus
826 818 879 874 eet
903 805 1063 891 cubitum3
1087 815 1287 895 postremum
1311 804 1436 894 sponda
1458 806 1611 891 remittet,

724 917 936 1007 Impigraque
958 926 1125 983 assuetum
1149 914 1267 982 dextro
1289 924 1435 981 resumat
1456 936 1548 1003 opus.

589 1047 638 1092 ss.
669 1024 774 1091 Nemo
797 1025 863 1111 diu,
886 1024 968 1091 hoec
991 1045 1136 1109 servans,
1160 1022 1267 1089 alieno
1290 1046 1418 1089 mersus
1441 1024 1475 1088 in
1499 1033 1658 1109 aureosi,

726 1133 793 1214 Qui
816 1154 890 1219 non,
913 1131 978 1219 ille,
1001 1132 1110 1219 quoad
1133 1132 1202 1197 vitu
1225 1129 1379 1216 manebit,
1401 1131 1473 1196 erit.

1125 1552 1155 1617 6.

960 1750 1013 1809 Ad
1037 1751 1279 1812 Documenum
1290 1749 1312 1810 ¹.

670 1906 744 1973 Non
769 1904 893 1994 eodem,
916 1928 1000 1995 quoe
1023 1915 1065 1992 to,
1087 1928 1147 1971 nos
1170 1913 1310 1994 possunt
1334 1903 1472 1973 ferculo:
1495 1905 1591 1995 punis

726 2014 799 2080 Non
823 2014 910 2079 idem
922 2019 942 2102 ¹,
965 2014 1082 2081 vinum
1105 2036 1170 2079 non
1194 2035 1322 2102 qnoque
1344 2017 1457 2103 potet⁸
1478 2012 1575 2079 idem.

670 2124 715 2191 Et
739 2124 823 2190 diois
846 2134 954 2190 tomen
978 2122 1053 2192 hoo:
1088 2145 1220 2212 „mense
1250 2121 1338 2189 hune
1364 2121 1566 2188 admittimus
1590 2120 1676 2187 uno“
1690 2126 1715 2187 ¹.

726 2230 755 2300 Ο
780 2254 883 2301 vanus
907 2254 1004 2300 voces
1028 2230 1269 2321 ridiculumque
1293 2234 1404 2320 cupnti

610 2365 638 2409 s.
668 2342 719 2408 'l'u
744 2339 874 2428 vitulos,
897 2364 999 2429 ugnos
1023 2352 1056 2407 et
1078 2339 1247 2428 ademptos
1269 2339 1430 2406 matribus
1452 2338 1574 2405 hoedos

724 2448 893 2535 Praecipio
916 2470 987 2513 esse
1010 2458 1086 2513 tuae
1109 2447 1244 2513 ieroula'
1258 2448 1365 2534 prime
1387 2446 1498 2533 guise:

671 2555 779 2639 Terga
802 2554 897 2621 bovis
921 2552 1061 2638 vetulae,
1085 2575 1168 2639 quoe
1190 2552 1270 2619 Osci
1292 2554 1457 2639 immugiit
1479 2552 1594 2637 antris,

724 2658 869 2723 Prendio
893 2656 950 2723 sed
974 2657 1069 2723 nobis
1092 2657 1173 2722 dent
1195 2656 1409 2744 iugulentque
1432 2656 1567 2723 famem:

669 2764 804 2829 Dorce⁶
827 2764 887 2830 tibi
909 2774 1058 2851 ponetur,
1080 2763 1151 2828 heri
1175 2784 1259 2850 quee
1281 2762 1403 2850 pabule
1426 2764 1562 2851 carpsit:

529 2876 531 2881 ’
589 2890 636 2935 ιο.
726 2869 875 2935 Potentie
899 2867 993 2933 nobis
1016 2878 1147 2955 tergora
1170 2870 1264 2955 ponis
1287 2869 1367 2955 apri.

669 2975 820 3042 Pavones
844 2996 1006 3063 caposque
1029 2997 1127 3040 voras
1151 2975 1365 3063 sapidamque
1387 2971 1558 3041 volentum

723 3081 830 3151 Omne
851 3105 969 3171 genus:
995 3081 1073 3149 laxa
1095 3105 1155 3149 nos
1179 3092 1254 3149 oute
1276 3080 1385 3171 gelius
1407 3082 1475 3148 ulit.

670 3191 805 3261 Selmo⁶
827 3190 896 3279 tibi,
919 3213 1114 3282 quoeunque
1137 3212 1215 3257 coco
1237 3190 1344 3258 bonus
1367 3200 1538 3279 ostreaque
1559 3190 1676 3279 ingene

724 3299 861 3366 Ponitur
883 3312 916 3369 et
939 3299 1085 3368 rhombis
1108 3301 1233 3367 mixtus
1256 3301 1291 3366 in
1314 3299 1392 3367 orbe
1413 3298 1548 3390 Ιιψιιιιε7

673 3492 681 3524 ¹
701 3494 760 3545 Ost.
780 3491 832 3547 137
851 3511 890 3561 sq.
914 3514 938 3537 ι·
963 3508 1036 3546 corn.
1056 3490 1111 3548 254
1128 3510 1167 3561 sq.

672 3583 759 3636 'scii
778 3600 821 3635 me
841 3584 936 3652 poscit.

670 3674 681 3703 ¹
700 3673 813 3725 Potondi
832 3674 943 3725 rorbum
963 3673 990 3723 vi
1003 3674 1147 3726 transitivo
1159 3672 1194 3726 ob
1208 3672 1399 3728 ecciesiasticis
1410 3674 1516 3727 demum
1529 3673 1706 3743 scriptoribus

563 3770 716 3830 usurpetur.

670 3851 681 3881 ⁴
701 3852 742 3901 Ex
760 3850 952 3902 consuetudins
971 3852 1152 3902 Romanorum
1170 3851 1259 3917 potios
1285 3852 1337 3915 „cd
1354 3867 1475 3904 mensem
1498 3852 1571 3905 huuc
1589 3850 1708 3904 sdmitti·

563 3956 622 3993 mue
641 3942 748 3991 oncm‘.

671 4027 805 4093 ‘Dorum
833 4044 867 4079 ex
894 4044 991 4096 graeco
1010 4027 1084 4097 δόρκη
1111 4045 1159 4095 pro
1186 4028 1289 4080 usitato
1307 4030 1394 4081 iorms
1411 4029 1605 4096 dorcet-odis,
1625 4028 1709 4095 signi·

563 4120 628 4172 ficut
645 4132 771 4184 capream
790 4125 942 4191 nostrerum
960 4117 1098 4185 silvorum,
1117 4126 1147 4170 ut
1166 4118 1220 4169 ium
1239 4118 1267 4169 in
1287 4119 1450 4172 Diocletiani
1461 4118 1550 4171 edicto
1562 4117 1708 4173 secundnm

563 4206 721 4260 Mommseni
741 4208 910 4259 sententious.

672 4293 684 4324 ⁸
707 4317 731 4340 ιι
755 4295 835 4347 iosoi.

673 4380 816 4435 'Rhombi
834 4384 960 4436 ridentur
977 4400 1036 4436 esse
1054 4385 1171 4450 heresis,
1196 4386 1253 4451 lupi
1272 4386 1416 4453 smnpski
1433 4386 1528 4454 (lucii).
1556 4386 1625 4439 vius
1642 4384 1708 4438 Oro·

562 4472 629 4523 meri
649 4471 740 4523 Polou.
760 4473 781 4536 1,
801 4486 845 4537 pgr.
864 4470 918 4525 ise
934 4472 1039 4538 (Gelon.
1059 4476 1122 4539 Agr.
1143 4472 1231 4530 1589).
