4109 5767
741 980 833 1047 Milia
854 988 901 1047 tot
921 980 1025 1069 possis
1048 982 1132 1049 iuter
1153 986 1295 1073 reperire
1317 996 1457 1055 tuorum.

641 1110 710 1156 uso.
744 1087 783 1173 Ο,
805 1088 878 1177 quis
900 1087 1053 1155 succedet
1075 1089 1228 1179 Samaeli,
1251 1090 1372 1181 dignus
1397 1094 1511 1162 haberi

743 1196 816 1263 Non
839 1218 907 1285 par,
929 1218 994 1261 uon
1017 1197 1142 1286 similia,
1165 1200 1221 1265 sed
1245 1203 1302 1289 qui
1325 1203 1466 1291 vestigia
1489 1214 1597 1271 servet

742 1303 915 1370 Proximus
937 1311 970 1370 ct
992 1326 1111 1393 magno
1133 1306 1185 1373 vel
1208 1310 1375 1396 proximus
1398 1311 1614 1379 intervallol¹

744 1412 847 1501 Saepe
869 1412 971 1500 agites
994 1421 1101 1479 tecum
1124 1416 1223 1482 tacito
1246 1425 1286 1503 et,
1309 1440 1378 1504 mx,
1401 1428 1531 1507 pectore
1553 1417 1669 1486 volvas

743 1518 847 1609 Saepe
869 1528 934 1606 tuo,
956 1528 1120 1607 reputans,
1142 1544 1238 1609 quem
1260 1546 1320 1611 pro
1343 1524 1495 1591 Samuele
1517 1526 1665 1592 Deorum

639 1650 708 1697 sss.
743 1626 813 1693 Dea
835 1625 972 1715 templis,
995 1649 1133 1714 quemve
1156 1630 1295 1718 accipiat
1319 1642 1376 1697 tua
1398 1634 1492 1699 curia
1514 1632 1662 1721 dignum,

741 1735 890 1824 Dignum
912 1734 1056 1823 pontifici
1080 1735 1243 1825 quondam
1267 1738 1442 1806 succedere
1465 1750 1564 1807 tauto.

741 1842 845 1933 Saepo
866 1841 969 1931 agites
990 1853 1098 1910 tecum
1122 1842 1197 1911 licet
1220 1856 1260 1932 et,
1283 1869 1349 1934 rex,
1373 1847 1471 1915 corde
1494 1848 1644 1915 revolvas

741 1951 846 2041 Saepo
867 1962 932 2039 tao,
953 1951 1014 2018 tibi
1038 1976 1103 2019 nou
1127 1953 1258 2020 Samuel
1281 1958 1479 2023 succurrerit
1503 1956 1593 2023 altar.

740 2060 804 2127 Illa
826 2059 889 2125 viri
912 2082 996 2148 quae
1017 2061 1169 2126 maiestas
1193 2061 1371 2149 frontisque
1394 2084 1528 2130 serenae

638 2190 706 2235 sao.
736 2166 803 2247 Qui
826 2164 936 2231 deoorl
959 2166 1093 2232 emicuit
1115 2188 1198 2255 quae
1220 2168 1255 2232 in
1278 2167 1362 2233 laeto
1384 2171 1491 2255 gratia
1513 2168 1617 2254 vulta,

740 2272 817 2341 Oris
840 2270 942 2339 honos
964 2271 1101 2361 pulchro
1123 2282 1155 2338 ct
1178 2294 1213 2339 so
1235 2273 1406 2339 affundens
1428 2285 1559 2363 pectore
1582 2276 1699 2341 virtusl

738 2380 836 2447 Unus
858 2387 936 2465 erat,
959 2401 1054 2445 sacra
1076 2401 1172 2469 quem
1196 2390 1328 2446 tenuem
1351 2381 1467 2447 altaria
1489 2379 1640 2469 diguum3

739 2489 773 2555 Is
796 2488 881 2577 potis
903 2487 985 2553 irato
1008 2508 1104 2576 preco
1127 2486 1255 2553 lleetcra
1277 2488 1421 2553 Numina
1444 2488 1534 2555 caelo

741 2597 784 2663 lat
807 2593 906 2686 plcua
927 2594 1033 2663 Divus
1052 2594 1198 2661 vouomui
1224 2592 1312 2661 uoltus
1334 2620 1455 2663 acorut

638 2726 707 2773 aas.
740 2702 991 2793 irreprehensos
1012 2714 1091 2791 etat,
1115 2726 1179 2768 non
1203 2702 1320 2792 culpae
1342 2705 1504 2771 obnoxius
1528 2702 1595 2792 ulli,

741 2811 886 2900 Sobrius,
908 2809 996 2877 haud
1021 2811 1112 2899 largo
1134 2810 1281 2898 gaudeus
1304 2812 1438 2878 vinosus
1460 2812 1594 2897 Iaccho;

740 2920 893 2988 Consiliis
916 2920 1046 3007 agitans
1069 2918 1221 3007 prudeus,
1243 2940 1469 3007 quaecumque
1491 2918 1643 3007 gerenda,

740 3028 814 3093 Nou
837 3026 920 3093 levis
943 3037 999 3093 aut
1021 3048 1187 3114 praeceps,
1209 3049 1273 3091 non
1297 3025 1353 3092 illo
1376 3028 1519 3093 ornatior
1541 3026 1623 3093 ulter

743 3134 905 3202 Sarmatia
927 3134 961 3198 iu
984 3156 1113 3220 magua,
1137 3131 1237 3198 coluit
1260 3156 1318 3198 seu
1341 3136 1478 3199 numina
1500 3134 1636 3221 Divum,

639 3262 707 3308 soc.
742 3242 820 3309 Sive
841 3240 1010 3307 homiuum
1033 3240 1185 3328 pulchros
1209 3240 1326 3305 studiis
1349 3241 1510 3328 quaesivit
1532 3240 1678 3307 honores,

738 3346 839 3415 Sacra
862 3347 935 3413 Deo
957 3348 1070 3413 statuit
1093 3346 1197 3412 solido
1220 3345 1260 3412 tle
1284 3368 1444 3413 mammae
1466 3346 1596 3434 templa,

741 3456 849 3522 Parva
872 3454 940 3521 solo
962 3456 1087 3544 patriae
1109 3478 1174 3544 qua
1196 3466 1335 3543 surgunt
1358 3456 1486 3521 moenia
1508 3454 1662 3524 Olaodlae.

740 3564 814 3631 Nou
837 3563 981 3631 Gracchi
1004 3564 1117 3653 procul
1142 3563 1222 3631 urbe
1245 3566 1370 3651 ingens,
1393 3574 1542 3651 augusta,
1564 3564 1704 3652 superba

742 3671 813 3739 Stat
836 3671 961 3757 domus,
985 3671 1077 3736 urbis
1098 3671 1209 3756 honos,
1231 3671 1363 3760 rapidas
1385 3670 1557 3738 Pradniois
1580 3670 1623 3737 ad
1639 3670 1776 3736 andas:¹

639 3798 708 3843 aas.
744 3780 820 3845 Hoc
844 3802 915 3845 aeae
938 3778 1036 3845 rebus
1059 3779 1234 3845 defunctus
1258 3780 1342 3845 sorra
1366 3778 1498 3865 solebat,

742 3886 808 3953 llic
831 3909 965 3973 aegrum
989 3888 1079 3953 caris
1101 3897 1215 3975 poetas
1238 3886 1384 3953 solvebat
1407 3887 1535 3953 amaris.

743 3995 827 4083 Nou,
849 3994 922 4083 lacu,
946 4005 1012 4061 taso
1037 3994 1158 4062 calcias
1181 3997 1358 4063 Parcarum
1383 4016 1513 4062 currere
1535 3994 1625 4060 lustu

740 4102 887 4170 eredidit
910 4116 967 4170 aut
990 4126 1107 4192 urgere
1129 4104 1215 4170 ‹liom
1240 4104 1317 4169 (lata
1340 4104 1407 4169 l'ato
1430 4126 1628 4192 solummum,

742 4210 853 4274 Prima
874 4210 991 4275 domus
1013 4211 1118 4277 laetus
1141 4234 1217 4276 cam
1240 4210 1453 4276 fundamenta
1475 4209 1604 4275 locarat

638 4336 709 4380 aso.
743 4315 813 4379 Nec
835 4324 943 4381 tamm
967 4315 1087 4381 oblitus
1111 4316 1169 4380 fati
1192 4317 1342 4402 vitaeque
1365 4315 1519 4399 caducae,

742 4420 814 4486 Iam
836 4421 1038 4488 mausoleum
1061 4435 1210 4512 coeptum
1234 4422 1471 4509 pulchrumque
1495 4420 1650 4487 sacellum

743 4529 850 4614 Nunc,
872 4529 949 4594 olim
972 4532 1113 4595 moriens
1139 4530 1194 4595 ubi
1218 4529 1371 4596 conderet
1394 4553 1476 4615 ossa,
1499 4528 1644 4617 parabat.

639 4710 791 4720 ——0-—0—
795 4712 839 4718 ——

746 4779 756 4810 ¹
775 4779 896 4847 Respicit
914 4781 1029 4831 tortam
1047 4780 1184 4831 Ciceronis
1202 4782 1277 4831 Orat
1297 4796 1356 4845 cap.
1376 4778 1401 4831 3.

743 4867 755 4899 ¹
773 4868 852 4922 Cant.
870 4869 1009 4932 cotoleti,
1029 4872 1190 4921 Duoraaniu
1211 4888 1234 4935 p.
1254 4867 1340 4937 (Tar.)
1358 4876 1405 4919 atr.
1425 4868 1460 4920 1u
1478 4883 1504 4919 n.
