4109 5767
937 636 1094 672 enarrarre.
1551 624 1590 673 Xl

452 706 463 712 -
484 705 577 713 -——-
592 704 840 712 ...-,—.-.-—--
850 705 860 711 -
873 705 1278 713 ..-.——.—-—--—

451 718 689 726 ——-——-——--
700 718 1058 725 -ffl--C-—n
1283 720 1588 728 ..--...---,--,

451 829 512 893 riuis
535 829 742 916 antiquarum
764 826 947 895 litterarum
972 826 1152 896 cultoribus
1182 850 1279 917 saepe
1309 830 1532 918 impugnatam
1559 842 1592 898 et

448 936 589 1021 irrisam,
611 934 653 1001 ad
670 934 825 1002 historica
841 935 1054 1002 fundamenta
1068 934 1299 1025 laetioremque
1315 935 1381 1003 stili
1396 936 1589 1026 elegantiam

449 1054 675 1131 revocaverat,
707 1066 811 1131 neque
836 1042 939 1109 solum
964 1043 1112 1131 singulae
1134 1044 1216 1109 iuris
1239 1046 1443 1132 quaestiones
1467 1045 1592 1113 idoneis

445 1150 655 1237 antiquorum
691 1150 886 1237 scriptorum
922 1148 1003 1216 loeis
1038 1149 1225 1216 intexendis
1259 1152 1351 1237 quasi
1381 1150 1525 1219 flosculis
1555 1152 1590 1217 in

448 1252 722 1342 praelectionibus
744 1256 813 1320 suis
836 1253 1024 1339 exornabat,
1048 1255 1106 1320 sed
1129 1256 1226 1320 etiam
1249 1255 1319 1343 ipse
1342 1258 1490 1343 poeticen
1506 1256 1592 1322 cole·

449 1360 505 1425 bat
527 1369 758 1447 praestansque
782 1370 875 1447 poeta
899 1344 1085 1426 illius'uevi
1108 1359 1270 1426 audiebat.
1309 1362 1451 1427 Pronum
1481 1372 1590 1428 autem

448 1464 620 1552 habileque
650 1463 692 1529 ad
723 1466 835 1553 poesia
866 1476 936 1531 erat
967 1465 1082 1555 Raynii
1114 1466 1282 1552 ingenium
1306 1465 1508 1555 libenterque
1534 1490 1592 1555 per
1687 1458 1690 1462 ⁵

447 1592 544 1636 omne
566 1571 653 1636 vitae
676 1571 819 1658 spatium
842 1592 860 1635 a
878 1593 993 1637 severa
1009 1571 1090 1635 iuris
1106 1571 1370 1659 interpretatione
1385 1572 1427 1637 ad
1444 1573 1592 1639 earmina

448 1676 621 1766 pangenda
643 1675 855 1762 decurrebat,
880 1676 965 1743 unde
989 1676 1112 1743 iactum
1137 1686 1202 1764 est,
1233 1687 1269 1743 ut
1291 1678 1450 1766 singulari
1472 1680 1591 1768 pietate

447 1782 726 1871 admirationeque
750 1784 783 1849 ia
800 1782 964 1851 Alciatum
990 1782 1131 1850 ferretur
1153 1805 1292 1872 eumque
1315 1784 1376 1850 sibi
1396 1784 1590 1851 imitandum
1641 1825 1644 1831 >

447 1901 658 1977 proponeret,
687 1892 742 1977 qui
774 1891 856 1955 iaris
888 1890 1056 1956 scientiam
1089 1912 1164 1956 eum
1192 1912 1358 1956 musarum
1382 1893 1589 1980 antiquarum

448 1994 538 2062 cultu
563 1998 825 2063 mnsoeiavisset
864 1998 914 2063 Ac
938 2019 1014 2062 curn
1038 2010 1209 2084 expertum
1241 2020 1312 2063 esse
1341 1998 1501 2088 Royaiam
1525 1999 1589 2063 ianr

447 2101 482 2167 iu
507 2102 668 2192 Hispania
683 2104 771 2171 vires
795 2126 871 2169 susus
891 2104 925 2170 in
943 2103 1144 2171 carminibus
1161 2103 1343 2182 scribendis
1358 2103 1450 2170 nulla
1464 2115 1593 2180 exstent

446 2212 648 2300 testimonia,
679 2213 713 2279 in
747 2211 841 2280 ltalia
872 2236 948 2279 inex
980 2212 1129 2279 hortante
1162 2212 1232 2303 ipso
1255 2210 1385 2279 Alciato
1412 2212 1591 2279 innotuisse

447 2343 558 2386 musas
581 2322 651 2387 eiua
674 2321 826 2388 audimus
849 2332 997 2411 poemate
1021 2320 1161 2410 quedam
1186 2324 1227 2404 (a.
1253 2322 1351 2405 toas)
1374 2321 1590 2410 epigramma·

447 2430 561 2517 tisrqae,
585 2452 667 2517 qum
691 2429 851 2518 imprimis
877 2430 909 2496 in
933 2427 1134 2494 ltlattlraeum
1151 2429 1311 2515 Curtium,
1335 2427 1495 2496 celebrem
1512 2440 1590 2497 tunc

448 2536 611 2603 urredicum
635 2536 889 2623 Bononiensem,
913 2536 1097 2625 scripsisset
1119 2538 1302 2625 partiurque
1325 2538 1413 2627 typis
1436 2525 1590 2626 expressa

447 2646 483 2709 ia
505 2643 673 2732 publicum
698 2643 861 2711 edidisset.
1575 2626 1589 2658 ³
1706 2631 1709 2637 ⁵

554 2752 646 2817 lnter
668 2752 791 2819 amicos
814 2752 929 2839 Royzii
953 2749 1135 2817 excellebat
1164 2750 1226 2815 boe
1257 2761 1400 2838 tempore
1428 2752 1590 2816 Antonius

448 2858 654 2945 Augustinus
669 2859 879 2946 Saragossius
895 2860 994 2939 (loli
1005 2896 1032 2905 —
1048 2859 1154 2943 teau),
1176 2860 1229 2946 qui
1247 2868 1359 2946 postea
1373 2857 1591 2945 archiepisco*

448 2986 509 3051 pus
532 2966 771 3032 tarraconensis
795 2964 866 3031 fuit.
904 2966 937 3031 ls
969 2975 1001 3031 et
1032 2966 1101 3053 ipse
1128 2976 1197 3029 tum
1221 2966 1368 3030 caesarina
1390 2964 1536 3052 scripsit,
1558 2975 1590 3030 et

449 3070 569 3136 deinde
592 3070 686 3137 libris
705 3070 819 3157 doctis,
841 3073 1033 3159 pracsertim
1049 3072 1091 3136 ad
1107 3070 1339 3159 epigrapbicen
1354 3072 1590 3159 pertinentibus

449 3176 611 3241 inclaruit
649 3176 807 3265 Royzium
832 3189 888 3243 aut
910 3180 975 3242 iam
999 3179 1034 3242 in
1057 3178 1234 3264 Hispania,
1257 3187 1328 3262 aut,
1352 3176 1386 3241 id
1408 3176 1494 3263 quod
1518 3178 1588 3242 reri

449 3282 590 3347 similius
613 3293 671 3367 ost,
694 3290 764 3347 tum
781 3285 922 3371 primum
940 3285 1105 3371 cognitum
1123 3282 1204 3349 adeo
1220 3282 1430 3348 adamaverat
1445 3283 1591 3369 tantique

450 3388 607 3474 iaciebat,
635 3401 672 3454 ut
694 3390 727 3455 in
752 3388 890 3477 dialogis
913 3392 982 3455 suis
1006 3391 1039 3455 ia
1063 3390 1229 3478 publicum
1254 3389 1350 3455 editis
1373 3392 1479 3477 ipsum
1503 3387 1591 3455 diiii·

449 3493 588 3561 cillimas
612 3496 693 3562 iuris
716 3497 920 3585 quaestiones
944 3496 1176 3563 dissolventem
1201 3496 1376 3562 induxerit.
1407 3496 1591 3584 Mansitque
1703 3522 1706 3525 ⁴

449 3600 587 3669 duorum
612 3604 756 3671 virorum
781 3603 1008 3671 exaellcatimu
1034 3604 1180 3672 amicitia
1194 3604 1291 3671 etiam
1309 3616 1387 3689 tum,
1411 3626 1483 3669 euni
1501 3603 1591 3695 Iloy-

449 3712 519 3779 aias
541 3713 576 3779 in
599 3713 765 3781 l’oloniam
790 3715 932 3800 secessit,
956 3714 1162 3801 Augustinus
1179 3736 1257 3780 veru
1280 3711 1446 3802 aliquanto
1469 3721 1541 3800 post
1555 3712 1589 3778 in

451 3820 644 3909 llispauium
668 3823 810 3907 revertit,
833 3822 948 3889 ercino
970 3821 1183 3910 epistularum
1207 3821 1427 3909 librorumque
1444 3820 1529 3885 ultro
1544 3820 1591 3886 ci·

450 3936 563 4015 troque
587 3929 758 3994 missorum
783 3930 977 3995 eorrimereio
1001 3940 1190 3994 sustentata.
1212 3930 1362 3996 Ceterum
1385 3909 1529 4017 Royaius
1551 3950 1591 3993 ea

449 4044 520 4100 erat
542 4036 667 4120 ingenii
689 4035 798 4101 indole
816 4058 918 4123 eaque
934 4034 1103 4101 doctrinae
1118 4036 1211 4123 copia
1227 4032 1483 4122 liberaliumque
1499 4056 1592 4122 prac-

450 4138 547 4203 ditaa
571 4149 607 4204 ut
630 4138 663 4203 in
688 4138 784 4205 Italia
806 4142 950 4205 omnium
974 4142 1102 4205 animos
1119 4138 1216 4205 facile
1231 4138 1292 4204 sibi
1310 4138 1507 4224 conciliaret,
1531 4141 1593 4204 im·

450 4244 564 4332 primis
588 4268 666 4310 varo
688 4246 824 4313 iuvenes
847 4247 1002 4313 scientiae
1025 4246 1140 4311 avidos
1170 4244 1212 4310 ad
1236 4268 1271 4311 se
1294 4245 1435 4312 maluerat
1457 4246 1517 4329 ita,
1548 4256 1592 4328 ut,

450 4374 652 4441 quocumque
668 4352 840 4440 incederet,
859 4353 1098 4441 disputatorum
1113 4355 1322 4441 omnigenum
1338 4353 1434 4440 globo
1450 4352 1591 4419 eircum-

447 4457 591 4526 daretur.
628 4461 757 4542 Quoia
783 4483 918 4527 numero
940 4461 1039 4529 etiarn
1062 4459 1218 4546 Pulonos,
1249 4461 1387 4527 fortasse
1413 4461 1589 4553 Martinam

447 4566 637 4634 Cremeram
654 4565 917 4658 Stanislaumque
929 4569 1141 4637 Orichovium
1159 4569 1269 4655 luisse,
1285 4593 1359 4635 cum
1374 4569 1590 4636 demonstrari

447 4684 596 4761 nequeat,
618 4686 725 4741 minen
748 4685 799 4741 est
821 4677 892 4741 veri
916 4675 1031 4741 simile.
1065 4676 1151 4741 Nam
1175 4677 1339 4743 Bononiae
1361 4677 1423 4744 boe
1445 4687 1590 4766 ternpore
