4109 5767
911 776 1069 812 mmm.
1445 765 1565 815 mm

416 968 663 1035 eonstitutionee
685 966 845 1035 ecelesiae
868 966 1085 1035 mednieensis
1109 991 1165 1034 seu
1190 967 1388 1057 Sumogitim
1416 972 1565 1039 eontine-

416 1073 474 1141 bat
481 1078 513 1161 ¹),
527 1074 688 1163 hodieque
701 1074 862 1163 Petropoli
877 1076 964 1141 inter
978 1074 1195 1141 bibliotbeeae
1211 1074 1425 1144 Zuluseianae
1440 1078 1564 1166 copias,

416 1182 592 1269 inquibus
615 1204 689 1247 eum
713 1182 895 1249 Varsoviae
918 1179 1056 1247 Ianoeki
1080 1180 1173 1266 vidit,
1199 1180 1390 1251 delitescere
1420 1183 1560 1251 videtur.

523 1287 644 1354 Seeute
666 1298 743 1353 sunt
766 1287 885 1353 deinde
908 1299 1062 1375 tempora,
1087 1286 1206 1374 quibus
1228 1308 1289 1353 rex
1311 1290 1440 1375 magnis
1461 1312 1564 1377 nego-

416 1393 471 1458 tiis
494 1394 655 1482 expetitae
685 1416 706 1459 a
728 1392 892 1460 nobilibus
916 1392 1025 1481 legum
1049 1393 1269 1459 exsecutionis
1290 1391 1564 1484 diversarumque

381 1496 387 1508 ¹
416 1499 510 1585 regni
536 1499 679 1586 partium
711 1500 745 1565 in
775 1522 877 1565 unum
912 1520 1031 1587 eorpus
1065 1498 1357 1565 oonsooiandarum
1391 1499 1563 1586 distentus,

417 1604 599 1691 Lituaniue,
621 1605 727 1693 quoad
750 1605 820 1694 ipse
842 1604 978 1690 abesset,
1008 1604 1181 1672 Nieoluum
1203 1606 1336 1672 Ioannis
1363 1606 1565 1694 Itarlivilum,

417 1709 651 1779 oenoellarium
695 1711 857 1779 lituanum
896 1711 1140 1800 palatinumque
1177 1710 1368 1799 vibentem,
1406 1713 1565 1802 praefecit

417 1818 588 1906 ipsumque
611 1820 662 1883 ius
685 1819 903 1887 oroandorum
926 1820 1176 1905 magistratuum
1198 1818 1233 1883 in
1256 1840 1296 1884 ea
1317 1828 1405 1885 terra
1428 1819 1459 1886 ei
1485 1841 1565 1885 oon·

419 1924 525 1989 eessit.
562 1923 733 1989 Radivilus
765 1923 952 1991 oanoellarii
987 1924 1118 1989 nomine
1141 1924 1207 1988 iam
1237 1934 1333 1989 antea
1363 1925 1565 1991 urbanorum

418 2030 526 2095 oausis
549 2031 583 2094 in
607 2030 760 2095 Lituenia
783 2052 824 2096 ex
847 2029 1063 2117 appellatione
1092 2028 1278 2095 iudicandis
1309 2030 1461 2117 praefuit,
1491 2040 1562 2095 tum

418 2156 497 2201 vero
520 2158 692 2223 supremus
714 2136 820 2203 evasit
846 2135 955 2218 iudex,
985 2136 1056 2201 iure
1086 2134 1128 2200 ad
1159 2157 1272 2223 regem
1306 2135 1347 2203 ab
1377 2136 1447 2202 eius
1474 2135 1565 2201 iudi-

418 2242 469 2308 oio
491 2242 690 2331 provooandi
715 2242 844 2310 deereto
868 2244 954 2331 regis
981 2241 1117 2309 sublato.
1156 2242 1309 2332 Royaius,
1343 2244 1399 2331 qni
1429 2255 1463 2310 et
1492 2244 1563 2333 ipse

417 2348 482 2415 iam
506 2360 603 2417 antea
626 2372 692 2417 uua
714 2372 788 2417 oum
812 2351 1027 2438 Domanorio‚
1054 2351 1252 2439 Samogitiae
1274 2351 1433 2440 episeopo,
1463 2361 1562 2441 atque

417 2458 603 2545 Naroussio,
626 2460 808 2549 praeposito
823 2459 1017 2545 tiootiuensi,
1034 2459 1182 2547 cognitor
1196 2480 1370 2527 oausarum
1386 2459 1561 2528 Lituaniae

417 2568 616 2633 urbanarum
644 2566 746 2632 fuisse
768 2566 908 2633 videtur.
938 2565 1000 2632 boo
1022 2576 1111 2631 eerte
1137 2576 1280 2653 tempore
1310 2566 1432 2633 assedit
1461 2566 1566 2633 Radi-

417 2670 485 2736 vilo
507 2680 540 2737 et
562 2672 597 2735 in
620 2672 691 2737 inre
713 2669 880 2738 reddendo
902 2693 978 2737 eum
1008 2669 1188 2736 adiuvabat
1209 2670 1266 2754 (ΙΙ,
1289 2672 1343 2757 95,
1366 2672 1431 2754 24).
1469 2672 1564 2738 Inter

417 2774 498 2842 baee
520 2775 582 2841 lori
610 2776 726 2843 lituani
758 2774 930 2865 polonique
961 2776 1091 2861 negotia
1120 2777 1207 2864 oepit
1237 2775 1409 2842 eonsilium
1441 2775 1562 2843 edendi

418 2882 452 2947 in
468 2880 573 2949 luoem
590 2904 696 2971 pauoa
710 2905 752 2949 ex
767 2882 823 2966 eis,
839 2903 922 2971 quae
938 2882 972 2948 in
988 2882 1059 2948 eius
1070 2883 1288 2971 eoguitionem
1300 2882 1563 2972 inciderantpu-

419 2986 566 3077 blioeque
589 3000 665 3055 sunt
688 2988 728 3055 ab
752 3012 791 3055 eo
813 2988 1003 3078 diseoptata.
1029 2988 1140 3076 Elegit
1162 2990 1263 3077 igitur
1284 3012 1327 3056 ex
1341 3012 1452 3056 rerum
1468 2990 1563 3077 eopia

415 3095 558 3181 quinque
580 3095 794 3182 quaestiones,
809 3118 890 3181 quus
914 3094 1053 3181 singulis
1069 3093 1162 3159 libris
1178 3094 1368 3183 eomplexus
1383 3117 1465 3182 opus
1481 3116 1562 3161 eou-

418 3201 523 3267 texuit
545 3199 628 3265 illud
650 3200 863 3267 Deoieionum
880 3199 1120 3285 lituanioarum,
1143 3200 1229 3287 quod
1259 3199 1472 3287 sigismundo
1492 3201 1564 3265 Au·

418 3314 514 3393 gusto
537 3305 683 3373 dinatum
705 3305 827 3394 prodiit
849 3306 1028 3374 Oraooviae
1051 3328 1162 3372 mense
1176 3305 1272 3394 aprili
1288 3327 1317 3372 a
1335 3307 1431 3372 1563.
1461 3306 1565 3373 Cuius

417 3412 524 3499 operis
544 3409 630 3477 libro
652 3413 758 3499 primo
780 3413 847 3497 egit
869 3411 911 3478 de
933 3420 1127 3478 testamento
1148 3412 1228 3497 eius,
1254 3410 1312 3497 qui
1334 3421 1471 3477 mortem
1495 3408 1561 3476 sibi

419 3518 641 3603 oensoivisset,
664 3517 809 3585 seeundo
831 3516 873 3584 de
893 3518 1013 3584 usitata
1026 3516 1239 3584 tabellionum
1254 3514 1411 3601 clausula,
1435 3538 1500 3605 qua
1514 3527 1565 3583 te-

420 3634 521 3693 stntor
543 3648 641 3715 aegro
664 3646 799 3715 corpore
821 3647 965 3713 sanaque
979 3648 1051 3693 esse
1074 3635 1182 3692 mente
1197 3622 1297 3692 soribi
1313 3622 1440 3711 soleret,
1470 3624 1568 3690 tertio

420 3733 462 3801 de
483 3746 602 3801 eonatu
625 3744 658 3802 et
681 3732 840 3801 inobootis
864 3732 1002 3820 delictis,
1024 3742 1140 3823 quarto
1167 3732 1209 3800 de
1238 3730 1394 3821 legitimis
1424 3754 1565 3800 exeusa-

421 3843 563 3909 tiouibus
585 3866 706 3929 eorum,
728 3843 784 3932 qui
808 3842 843 3908 in
858 3843 909 3909 ius
926 3844 1033 3909 voeati
1049 3865 1114 3909 nou
1131 3842 1289 3927 venirent,
1320 3841 1490 3931 quintode
1517 3842 1568 3907 fe·

421 3972 500 4015 nore
523 3950 594 4015 sive
617 3950 734 4016 usums.
762 3950 825 4015 His
847 3950 1015 4037 praemisit
1037 3948 1207 4037 epistolam
1231 3946 1350 4014 Vilnae
1380 3947 1423 4014 ad
1453 3970 1566 4035 regem

421 4055 582 4123 Kalendis
605 4054 776 4124 sextilibus
798 4079 828 4122 a
854 4058 940 4124 1562
963 4057 1191 4144 eonaoriptam,
1221 4057 1255 4121 in
1285 4077 1351 4144 qua
1381 4053 1564 4142 disputavit

422 4162 463 4228 de
486 4162 566 4228 iuris
589 4161 729 4229 utilitate
751 4172 848 4251 atque
870 4163 1071 4248 auotoritate,
1095 4162 1136 4229 ‹le
1155 4162 1281 4229 romani
1296 4161 1378 4227 iuris
1394 4170 1565 4250 praestan·

420 4270 467 4335 tia
490 4268 732 4357 eommotlisque
754 4292 796 4337 ex
819 4292 857 4337 eo
879 4270 914 4335 in
937 4268 1105 4337 Poloniam
1121 4266 1359 4335 introducendo
1380 4265 1565 4352 fluentibus,

422 4376 463 4441 de
485 4376 594 4463 legum
618 4375 878 4464 iudiciorumque
900 4375 1090 4465 polonorum
1112 4376 1212 4462 vitiis,
1235 4374 1277 4440 de
1305 4375 1374 4440 suis
1404 4384 1476 4461 post
1505 4372 1568 4438 ad·

422 4492 557 4547 ventum
580 4484 615 4547 in
637 4480 804 4547 Poloniam
827 4482 975 4571 partibus
990 4481 1244 4570 muneribusque
1259 4481 1321 4548 sibi
1337 4479 1464 4566 oblatis,
1492 4500 1568 4567 pro·

532 4726 551 4795 ¹)
568 4728 651 4780 Plura
668 4728 701 4779 ‹ls
720 4744 753 4780 ss
771 4744 799 4780 rs
818 4730 879 4780 vids
903 4730 931 4781 ln
950 4732 1026 4795 libro,
1053 4745 1078 4797 q.
1103 4730 1121 4781 i.
1141 4728 1369 4791 Wolonasosmbt,
1395 4726 1568 4793 Bisbupstsro

422 4814 581 4881 tmujdskis.
601 4814 718 4865 Krsktw
738 4814 808 4869 1⁸98
825 4832 868 4882 pe.
887 4814 1002 4871 to-tt.

528 4908 635 4951 mnte-
648 4908 675 4950 τ.
691 4909 712 4951 1.
1420 4902 1460 4952 lll
