4109 5767
913 781 1068 817 Pllsst’n'l'lss.

418 973 549 1039 maebos
572 974 767 1061 movissent,
798 975 984 1042 nominibus
1008 986 1171 1041 tantorum
1196 978 1341 1044 virorum
1369 975 1411 1042 ab
1435 974 1563 1042 invidia

418 1090 604 1167 tegerentur
625 1091 721 1170 atique
744 1084 778 1148 in
795 1082 962 1171 publieum
979 1082 1293 1151 eommendarentur.
1316 1083 1435 1150 Libelli
1453 1095 1561 1150 tamen

417 1188 465 1255 illi
489 1190 577 1277 typis
600 1190 712 1255 exousi
736 1212 895 1255 essenon
918 1190 1081 1275 videatur,
1114 1190 1252 1256 fortasse
1282 1192 1379 1257 etiam
1407 1214 1448 1257 ne
1470 1190 1562 1255 missi

415 1293 547 1383 quidem
579 1306 655 1359 sunt
685 1295 726 1360 ad
758 1319 829 1382 eos,
860 1295 979 1383 quibus
1006 1297 1279 1385 inscribebantur,
1309 1308 1561 1385 manseruntque

417 1400 521 1466 solum
545 1402 577 1465 in
603 1400 695 1467 libris
719 1403 950 1489 manuscriptis
973 1404 1102 1469 consilii
1126 1405 1213 1491 eapti
1236 1413 1326 1470 eerta
1352 1402 1474 1469 indicia
1504 1402 1561 1487 (II,

417 1506 470 1591 36,
494 1505 568 1571 adn.
594 1508 626 1585 1;
650 1508 703 1591 63,
725 1506 799 1572 adn.
824 1512 857 1590 33
883 1510 934 1593 tt,
958 1509 1033 1573 adn.
1059 1511 1099 1595 1),
1131 1510 1243 1575 omissi
1273 1509 1357 1574 ratio
1379 1506 1465 1592 latet
1496 1508 1561 1573 uisi

417 1612 501 1678 sorte
524 1611 711 1680 valetudine
743 1613 829 1679 rnala
859 1614 1017 1705 Royaium
1052 1616 1242 1705 impeditum
1276 1638 1346 1682 esso
1376 1615 1561 1701 suspiceris.

417 1718 502 1785 Nam
527 1718 588 1786 boe
611 1731 753 1809 temporo
776 1744 848 1788 eum
874 1724 985 1789 morbo
1008 1725 1103 1811 gravi
1128 1722 1321 1813 implicitum
1337 1745 1417 1808 esse,
1440 1744 1482 1787 ex
1498 1744 1562 1808 quo

416 1827 616 1893 modieerurn
640 1849 720 1894 euru
743 1830 967 1918 lllueeoviiquo
990 1853 1071 1896 auro
1090 1829 1282 1897 sublevatus
1298 1831 1357 1896 vix
1374 1829 1560 1895 oonaaluis-

417 1943 476 2018 set,
499 1944 589 1997 eerta
612 1944 741 1999 exstant
763 1935 903 2021 vestigia
926 1934 982 2020 (II,
1006 1937 1160 2017 50-52).

523 2038 658 2103 Interim
683 2060 741 2103 rex
764 2062 864 2105 senex
889 2040 960 2127 ipsa
984 2042 1090 2126 prima
1108 2040 1355 2105 resurrectionis
1371 2038 1493 2107 Christi
1508 2038 1562 2104 die

414 2164 443 2205 a
470 2144 555 2209 1548
580 2143 655 2207 latis
678 2143 839 2214 oeeulnrit.
865 2154 1051 2231 murtataque
1067 2143 1144 2209 indo
1160 2166 1267 2211 reram
1285 2143 1490 2231 publiearum
1507 2164 1560 2207 ra·

415 2250 510 2335 tione,
527 2274 621 2339 «prrsum
639 2250 732 2335 garni
750 2250 813 2315 inm
828 2262 923 2317 antea
936 2250 1180 2339 praevidebant,
1196 2249 1308 2341 pnreul
1324 2249 1424 2317 (lubio
1438 2250 1558 2315 linctum

414 2367 479 2443 est,
512 2369 546 2423 ut
576 2358 720 2447 lbryaias
751 2383 770 2423 a
801 2358 936 2426 oonsilio
961 2359 1192 2447 relinquendae
1215 2357 1368 2426 l’oloniae
1392 2358 1561 2425 destiterit.

415 2466 521 2554 Atque
545 2466 684 2553 primum
708 2466 852 2532 onmium
876 2466 917 2531 ad
938 2478 1073 2532 mortem
1091 2465 1253 2554 funusque
1269 2468 1356 2553 rogis
1372 2464 1473 2551 digno
1489 2487 1561 2529 ear·

414 2574 502 2639 mine
525 2573 776 2640 describendum
799 2575 917 2639 aeriter
941 2576 1085 2639 animum
1102 2574 1249 2649 intendit,
1273 2574 1319 2638 ita
1336 2584 1371 2639 ut
1386 2574 1450 2638 iam
1466 2572 1562 2659 quin-

416 2704 478 2769 que
502 2679 617 2745 diebus
641 2690 712 2767 post
736 2679 835 2746 lenus
859 2680 1005 2747 ealeudis
1030 2682 1177 2767 augustis
1200 2680 1348 2747 eiusdem
1376 2680 1453 2745 anni
1478 2677 1563 2745 eele-

416 2786 546 2855 bratum
572 2788 749 2854 Historiam
775 2788 944 2855 funebrem
969 2812 1061 2853 suam
1085 2786 1326 2874 elegantissime
1351 2787 1561 2875 compositam

415 2896 453 2979 (l,
477 2897 643 2979 99-117)
667 2896 818 2962 officinae
841 2895 1068 2961 excudendam
1092 2894 1273 2962 tradiderit.
1311 2898 1384 2977 Quo
1415 2894 1560 2960 carmine

414 3012 559 3069 extremo
583 3015 676 3091 poeta
699 3004 804 3092 ipsum
830 3003 1076 3091 Sigismnndum
1101 3006 1285 3091 Augustum
1310 3004 1355 3069 ita
1374 3002 1559 3090 alloquitur,

414 3122 449 3175 ut
474 3110 570 3175 laeilo
593 3112 809 3199 perspiciatur
831 3133 905 3177 eum
928 3110 1069 3176 multum
1091 3112 1159 3198 spei
1183 3112 1217 3175 in
1239 3134 1322 3175 nouo
1338 3133 1415 3197 rege
1429 3133 1557 3200 ponere.

414 3216 527 3303 Neque
551 3240 590 3281 ea
612 3239 685 3303 spes
708 3240 783 3282 eum
808 3216 932 3283 fefellit.
961 3217 1071 3283 Bonae
1093 3218 1179 3282 enim
1204 3217 1336 3303 reginae
1359 3217 1558 3305 praepotenti

415 3323 522 3406 gratia
545 3320 712 3387 deminuta
735 3320 868 3388 Samuel
891 3322 1089 3405 Illaeeovins,
1120 3324 1175 3409 qai
1199 3324 1307 3387 statim
1331 3322 1423 3387 initio
1446 3322 1480 3385 in
1505 3343 1559 3385 eo-

414 3426 514 3489 mitiis
537 3426 835 3492 Piotreoviensibus
860 3448 925 3491 una
948 3449 1022 3492 eum
1043 3428 1167 3491 Ioanne
1181 3426 1345 3491 Tarnovio
1360 3424 1558 3490 matrimonii

415 3554 436 3597 a
458 3554 533 3614 rege
557 3555 630 3598 eram
657 3532 802 3596 Barbara
824 3531 865 3597 do
889 3532 984 3597 domo
1007 3530 1236 3597 Radivilorum
1263 3532 1332 3598 initi
1358 3533 1409 3596 ius
1436 3531 1470 3595 in
1497 3529 1558 3595 du-

417 3636 504 3703 bium
531 3649 679 3705 tremitum
705 3638 988 3727 integritntrnnque
1011 3637 1186 3725 partilieali
1220 3639 1412 3704 {triennitato
1435 3646 1559 3703 tamtus

414 3756 471 3829 est,
495 3746 651 3810 ollensanr
676 3746 761 3833 rrpad
787 3747 961 3811 renitentes
984 3748 1089 3827 gratia
1113 3745 1199 3833 apurl
1226 3768 1335 3830 regem
1352 3746 1416 3809 iam
1433 3743 1557 3808 (ludum

415 3854 530 3917 rnerita
554 3854 785 3940 ‹nrrrrpenaavit
815 3853 926 3940 ltaque
949 3854 1045 3917 etiam
1071 3850 1253 3919 Stanislaus
1267 3851 1465 3934 Maeooviuu,
1488 3861 1556 3914 tam

415 3958 610 4025 castellanus
633 3959 839 4045 voinieensis,
862 3958 1022 4027 Samuelis
1047 3961 1148 4024 frater
1167 3980 1350 4043 germanus,
1372 3959 1558 4045 praelectus

414 4064 509 4130 eulae
534 4066 698 4132 Barbarae
721 4068 853 4153 reginae
877 4076 1005 4131 oreatus
1029 4077 1087 4131 est.
1110 4065 1181 4130 Rex
1206 4087 1280 4130 eum
1296 4064 1476 4132 Oraooviae
1492 4074 1558 4128 toto

413 4194 499 4236 euno
526 4172 795 4239 154911abitaret
825 4183 921 4259 atque
952 4173 1049 4237 etima
1082 4182 1193 4259 postea
1223 4193 1325 4257 usque
1356 4168 1398 4235 ad
1422 4179 1558 4235 mortem

414 4276 580 4343 Barbarae
603 4279 736 4367 reginae
759 4285 800 4359 (a.
829 4282 924 4361 lirul)
949 4278 1067 4345 ibidem
1090 4278 1281 4366 pleramque
1297 4288 1562 4361 commoraretur,

414 4386 530 4453 erelaro
552 4386 713 4478 Boyzium
738 4388 770 4452 in
794 4387 902 4454 eausis
927 4387 1111 4453 forensibus
1132 4386 1336 4476 publicisque
1351 4383 1487 4452 oonsilio
1502 4382 1561 4449 ad·

415 4492 522 4562 hibuit
545 4496 674 4583 iamque
697 4495 842 4562 calendis
865 4496 1053 4563 octobribus
1076 4520 1103 4561 a.
1123 4498 1208 4562 1549
1232 4496 1266 4561 in
1288 4495 1398 4561 aulum
1422 4495 1560 4561 arcessi-

414 4612 483 4668 tum
506 4602 774 4670 iurisconsultum
799 4605 924 4691 regium
947 4627 1018 4671 esso
1042 4604 1138 4669 iussit
1167 4617 1263 4691 atque
1289 4603 1477 4691 pensionem
1501 4625 1559 4668 au-

414 4731 513 4775 nuam
537 4710 749 4777 ducentorum
774 4710 969 4777 florenorum
992 4734 1050 4776 sex
1076 4712 1144 4777 lere
1167 4711 1334 4777 mensibus
1356 4719 1442 4797 post,
1470 4732 1557 4775 anno

419 4818 511 4897 tutu,
542 4816 583 4879 nd
615 4817 778 4903 impensas
809 4815 906 4881 buius
933 4817 1078 4881 muneris
1102 4815 1287 4881 tolerandas
1318 4816 1347 4881 ei
1379 4817 1413 4881 in
1443 4814 1558 4881 salinis
