4109 5767
908 775 1066 813 ratarum.
1472 760 1559 810 LXXI

414 986 447 1041 et
469 975 662 1063 posteriores
685 973 793 1038 minus
809 972 913 1061 periti,
937 980 1050 1037 eareat
1066 970 1254 1058 plerumque
1270 968 1386 1057 Royzii
1402 978 1559 1056 poemata,

415 1082 471 1169 qui
495 1104 536 1147 ne
558 1079 681 1147 talibus
703 1078 900 1164 abuteretur,
931 1078 1181 1167 permovebatur
1203 1099 1267 1142 non
1291 1074 1394 1142 solum
1422 1097 1560 1141 aeeura-

414 1190 496 1254 tiore
526 1189 677 1274 antiquae
708 1188 814 1275 poesis
844 1186 1075 1253 eondieionum
1106 1184 1236 1268 notitia,
1267 1182 1325 1248 sed
1355 1185 1452 1248 etiam
1481 1203 1561 1247 sano

414 1295 590 1382 iurisperiti
615 1294 738 1359 iudieio
761 1292 901 1380 fideique
924 1290 1122 1359 christianae
1145 1290 1329 1355 reverentia
1353 1289 1450 1372 (eonl.
1466 1290 1493 1373 1,
1508 1290 1562 1373 43,

416 1402 462 1467 20
485 1406 575 1488 aa).

525 1506 589 1575 Sed
621 1508 648 1571 si
681 1504 899 1571 nominandus
930 1514 979 1569 est
1012 1504 1097 1569 inter
1127 1504 1275 1589 antiquos
1305 1513 1433 1589 poetas,
1463 1523 1560 1589 quem

417 1613 593 1703 plurimum
618 1614 761 1703 Roynius
785 1612 967 1679 aemulatus
991 1634 1061 1677 esse
1084 1608 1246 1689 videatur,
1269 1610 1297 1675 is
1313 1609 1375 1677 erit
1390 1606 1560 1694 Martialis,

416 1744 512 1809 quem
546 1722 615 1811 ipse
650 1720 803 1808 suspieit,
837 1742 912 1787 eum
949 1718 1135 1807 popularem
1171 1740 1266 1782 suum
1297 1740 1368 1783 esau
1402 1715 1560 1803 glorietur

416 1830 539 1913 (Deris.
562 1827 675 1895 lituan.
700 1829 725 1914 Ι,
749 1831 789 1894 31
815 1837 848 1894 et
870 1828 926 1911 34)
950 1825 1152 1914 libenterque
1175 1827 1288 1891 allerat
1311 1826 1381 1891 eius
1397 1824 1559 1915 epigram-

418 1945 514 2002 mata.
552 1938 604 2001 Ae
633 1937 662 1999 si
692 1957 711 1999 a
743 1934 887 2000 moribus
910 1934 1026 2022 Royzii
1050 1931 1288 1998 honestioribus
1312 1932 1493 2015 recesseris,
1517 1969 1560 1978 -

417 2040 631 2125 nequeenim
654 2048 721 2103 tam
744 2038 950 2125 impudenter
973 2038 1057 2101 lueri
1081 2058 1182 2103 eausa
1205 2044 1350 2122 potentes
1374 2045 1424 2101 ast
1446 2033 1561 2099 adula-

417 2152 486 2227 tus,
517 2164 621 2229 nequa
644 2152 711 2207 tam
735 2140 831 2207 saeile
854 2140 1080 2206 delectabatur
1103 2139 1272 2205 obscoenis
1302 2139 1335 2203 in
1360 2138 1560 2204 carminibus

417 2249 498 2334 artis,
521 2272 618 2337 «piram
642 2248 815 2335 Martialis,
843 2287 880 2297 -
905 2258 938 2313 et
960 2247 1091 2333 ingenio
1114 2256 1147 2313 et
1171 2246 1247 2311 fatis
1269 2243 1455 2310 simillimus
1478 2242 1561 2309 alter

417 2355 510 2423 alteri
535 2357 721 2445 reperietur.
761 2356 904 2445 Uterque
934 2356 1019 2420 enim
1053 2356 1085 2418 in
1118 2352 1230 2419 eadem
1260 2353 1439 2441 Hispaniae
1468 2361 1561 2439 parte

417 2475 527 2552 natus,
551 2464 639 2532 virili
663 2465 729 2531 iam
753 2474 858 2532 aetate
880 2464 986 2551 patria
1009 2463 1124 2529 relieta
1146 2464 1179 2528 in
1203 2460 1332 2529 Italiam
1364 2485 1399 2527 se
1423 2460 1562 2529 eontulit

416 2575 459 2642 ad
482 2576 582 2641 animi
607 2574 733 2641 eultum
756 2574 985 2661 elegantiorem
1010 2571 1265 2659 absolvendum,
1289 2580 1423 2659 uterque
1445 2569 1560 2638 elaris-

416 2685 515 2748 simos
539 2682 661 2769 ingenii
685 2683 736 2746 sui
761 2681 888 2747 fruetus
918 2690 1013 2747 extra
1044 2680 1168 2766 patriae
1198 2680 1279 2745 lines
1310 2679 1394 2743 inter
1416 2678 1561 2765 hospitae

416 2788 528 2872 edidit,
547 2789 715 2875 utriusque
732 2788 928 2853 musoritae
944 2786 1123 2853 commodis
1139 2784 1347 2868 inserviebat,
1362 2805 1560 2872 quamquam

417 2894 625 2961 Martialiana
648 2895 778 2983 saepius
794 2905 826 2960 at
841 2896 995 2983 apertius,
1018 2893 1125 2958 rarius
1141 2904 1174 2959 et
1190 2892 1367 2957 modestius
1382 2891 1561 2981 lloyaiana.

416 3001 512 3069 Adde
534 3002 620 3090 quod
644 3000 804 3069 Martialis
828 3013 936 3090 spreta
959 2998 1215 3088 iurisprudentia
1238 2999 1278 3065 ad
1303 3000 1451 3065 earmina
1471 3020 1561 3064 eom-

417 3110 567 3197 ponenda
591 3112 677 3177 vires
699 3110 823 3197 ingenii
847 3110 898 3174 sui
922 3109 1075 3192 eontulit,
1105 3108 1250 3197 Royaius
1277 3129 1405 3195 semper
1428 3106 1560 3194 quidem

418 3218 595 3306 iurisperiti
620 3240 754 3283 munere
777 3217 909 3284 lunatas
933 3226 990 3299 est,
1014 3216 1227 3281 libentissime
1250 3225 1358 3280 tamen
1379 3214 1419 3279 ad
1437 3217 1558 3301 poesim

418 3321 630 3407 decurrebat,
660 3332 759 3409 utque
790 3333 903 3409 poetae
926 3321 1105 3387 Bilbilitani
1129 3322 1296 3408 ingenium
1320 3320 1502 3385 clarissime
1525 3321 1559 3383 in

417 3429 465 3493 eis
487 3428 731 3513 epigrammatis
754 3429 883 3512 enituit,
914 3429 947 3491 in
979 3426 1097 3513 qulbus
1120 3425 1227 3491 faeeta
1251 3425 1402 3491 utebatur
1424 3423 1561 3490 aurilla-

417 3532 514 3617 tione,
536 3532 582 3597 ita
606 3531 855 3617 Aleagnicensis
877 3542 988 3597 noster
1010 3532 1098 3596 haud
1123 3533 1191 3596 seia
1214 3553 1254 3595 aa
1273 3532 1307 3594 in
1323 3530 1436 3594 eodem
1452 3530 1561 3615 poesis

415 3660 536 3725 genere
559 3636 746 3705 felicissime
778 3640 820 3703 sit
843 3648 1009 3723 versatus,
1040 3637 1073 3701 id
1105 3636 1189 3726 quod
1222 3637 1291 3725 ipae
1322 3635 1383 3701 sibi
1409 3635 1562 3700 etmseius

419 3746 520 3810 l'uisse
543 3745 674 3811 videtur
697 3747 795 3827 (eonl'.
819 3747 861 3827 ΙΙ,
884 3746 959 3831 222,
983 3746 1073 3829 VII).

524 3852 587 3919 Sed
612 3852 638 3917 si
663 3875 816 3939 quaeras,
846 3862 1006 3940 (pratentis
1030 3851 1173 3941 Iloyaius
1198 3850 1337 3938 pendeat
1360 3871 1379 3913 a
1403 3846 1562 3934 Martiale,

418 3959 638 4025 confitendum
661 3960 735 4045 erit,
766 3960 924 4049 Royaium
958 3970 993 4024 ut
1023 3960 1056 4022 in
1089 3960 1279 4023 universum
1295 3937 1449 4021 ⁸similem
1472 3956 1500 4020 ei
1525 3956 1560 4018 in

417 4065 715 4152 componendorum
739 4067 1010 4154 epigrammatum
1035 4066 1168 4143 ratione,
1192 4065 1237 4129 ita
1260 4062 1373 4150 proeul
1396 4061 1510 4127 abesae
1526 4062 1559 4126 in

418 4171 556 4260 singulis
580 4195 600 4237 a
623 4172 733 4239 servili
760 4172 924 4261 popularis
948 4172 996 4237 sui
1022 4172 1210 4256 imitatione,
1240 4170 1361 4259 quippe
1383 4170 1436 4257 qui
1462 4169 1559 4234 etiam

418 4280 451 4345 in
477 4279 638 4348 similibus
662 4284 863 4371 argumentis
887 4282 1051 4371 propriam
1080 4291 1234 4369 aequatur
1257 4280 1345 4346 viam
1369 4276 1560 4343 verborum-

417 4412 480 4476 que
502 4389 630 4457 deleetu
655 4414 713 4456 suo
736 4402 853 4457 utatur.
877 4392 948 4457 Iam
971 4388 1132 4456 Martialis
1156 4387 1320 4454 interdum
1345 4386 1487 4453 medieas
1503 4409 1560 4451 ex·

417 4498 521 4584 agitat
550 4497 593 4581 (Ι,
617 4500 673 4580 473
698 4499 737 4585 V,
761 4500 794 4581 93
826 4499 889 4582 Vl,
912 4500 968 4579 533
1000 4497 1180 4584 v111,74;
1211 4498 1277 4582 IX,
1304 4498 1379 4578 106)
1410 4495 1562 4582 idemque

418 4604 498 4669 laeit
521 4606 687 4670 Ausonius
710 4612 775 4695 (pg.
798 4608 864 4673 312
887 4617 920 4673 et
943 4609 1007 4672 342
1032 4605 1082 4671 ed.
1099 4606 1251 4693 l’eipori);
1275 4604 1419 4693 Royzius
1438 4614 1563 4667 utrum-

419 4733 481 4797 que
505 4710 607 4777 multo
630 4722 762 4799 superat
784 4714 1055 4799 epigrammatum
1078 4714 1112 4776 in
1130 4711 1272 4777 medieas
1293 4712 1483 4775 emissorum
1504 4731 1565 4772 na-

419 4838 516 4901 mero,
539 4838 643 4903 neque
667 4828 774 4884 tamen
800 4841 941 4904 unquam
965 4817 1005 4883 ab
1030 4818 1077 4883 eia
1093 4818 1195 4882 verba
1212 4826 1268 4881 aut
1284 4815 1369 4880 sales
1385 4824 1565 4880 mutuatur.
