4109 5767
1185 762 1217 827 l
1234 762 1317 826 m
2162 791 2316 827 rma·
2357 792 2536 828 nonu

1186 847 1336 870 -n—
1427 852 3280 882 -αΨΕΜ-Ψ-ῄ--ἑ-Ξ
3293 860 3502 881 ———-

1405 974 1504 1042 Ne
1551 986 1618 1044 te
1665 981 1996 1068 paeniteat
2044 1005 2433 1071 magnorum
2480 984 2781 1072 exempla
2827 983 3178 1069 Quiritum,

1406 1081 1549 1150 ltux
1598 1085 1922 1177 Auguste,
1969 1090 2182 1179 sequi3
2229 1090 2406 1180 leges
2454 1092 2509 1158 si
2559 1092 2779 1158 forsan
2826 1092 3035 1158 avitas

1197 1209 1341 1257 tio.
1411 1190 1561 1259 Non
1613 1195 1776 1263 satis
1820 1219 1966 1266 esse
2009 1200 2144 1266 tuis
2190 1199 2447 1290 populis
2493 1222 2821 1289 regnoque
2866 1199 3140 1287 videbis,

1409 1299 1534 1368 leia
1579 1324 1723 1393 age,
1770 1306 1931 1396 quid
1978 1306 2243 1375 dubitas
2292 1310 2542 1375 romani
2592 1307 2860 1375 oracula
2905 1309 3066 1375 iuris

1414 1408 1683 1481 Addere
1731 1417 2120 1505 sarmaticis,
2164 1419 2342 1507 grais
2389 1440 2557 1507 quae
2601 1440 2687 1485 ex
2735 1417 3007 1484 urbibus
3051 1417 3206 1484 olim

1413 1516 1740 1591 Adiecere
1785 1526 1924 1592 suis
1970 1525 2328 1593 concordes
2375 1526 2520 1592 iura
2566 1525 2901 1607 Quirites?

1417 1625 1603 1695 llaec
1650 1630 1883 1698 eadem
1928 1642 1993 1699 te
2037 1655 2192 1720 rege
2239 1633 2469 1719 ferant,
2516 1634 2833 1720 Auguste,
2878 1632 3126 1718 Poloni‚

1207 1751 1348 1801 ota.
1419 1734 1603 1802 (lens
1652 1738 1889 1805 studiis
1935 1739 2184 1806 similis.
2247 1740 2318 1808 Si
2363 1739 2535 1806 bello
2583 1740 2883 1806 Sarmata
2928 1738 3190 1826 gaudet,

1424 1840 1745 1911 llollatrix
1791 1868 2047 1935 quoque
2093 1846 2302 1913 Roma
2348 1847 2490 1933 fuit,
2536 1868 2698 1935 gens
2745 1846 2996 1913 scilieet
3042 1847 3182 1933 ipso

1423 1950 1636 2018 Marte
1683 1962 1825 2019 sata
1870 1963 1935 2019 et
1980 1955 2205 2041 magni
2251 1953 2618 2019 dominator
2662 1953 2980 2019 Romulus
3027 1953 3219 2020 orbis.

1425 2056 1621 2126 Italia
1663 2057 1785 2127 has
1830 2059 2007 2150 leges
2055 2061 2283 2150 patriis
2330 2060 2634 2127 adiunxit
2680 2073 2743 2128 et
2790 2062 3000 2127 omnis

1424 2164 1645 2232 Gallia
1691 2167 1876 2254 pacis
1923 2190 2178 2251 amans3
2222 2167 2341 2233 has
2388 2168 2572 2233 fortis
2616 2168 2834 2234 Iberia
2879 2178 3118 2233 servat:

1217 2290 1360 2338 ouo.
1406 2270 1654 2339 'Litore
1701 2274 1813 2362 qui
1859 2282 2150 2340 extremo
2195 2273 2397 2340 solem
2440 2274 2665 2341 videre
2711 2273 3070 2359 cadentem,

1431 2377 1572 2445 llas
1619 2380 1808 2446 multi
1855 2390 2120 2447 tenuere
2165 2380 2476 2467 homines,
2522 2403 2673 2468 pars
2719 2382 3008 2446 maxima
3052 2379 3301 2465 mundi,

1431 2485 1514 2552 Se
1561 2485 1890 2573 quondam
1937 2488 2188 2575 experti
2234 2510 2365 2553 non
2412 2486 2752 2554 commoda
2797 2509 3001 2574 parva
3047 2496 3289 2553 secuta.

1429 2591 1567 2659 Nec
1614 2615 1860 2659 vanum
1907 2593 2193 2660 audieris
2239 2594 2610 2661 tendentem
2653 2594 2911 2661 rhetora
2935 2599 2954 2638 ¹
3001 2603 3227 2660 contra

1428 2701 1665 2769 Nescio
1709 2726 1922 2792 quem,
1969 2725 2189 2770 sacros
2236 2726 2468 2769 ausum
2514 2702 2759 2770 violare
2805 2702 3094 2785 Quirites

1220 2830 1363 2876 aaa.
1435 2809 1804 2899 Sanctaque
1849 2812 2100 2878 romani
2149 2810 2460 2877 damnare
2503 2811 2838 2878 volumina
2881 2812 3068 2876 iuris:

1432 2916 1695 2984 Scilicet
1741 2915 1852 2984 ille
1896 2916 2025 2983 alio
2073 2917 2358 2983 calamos
2403 2930 2738 2984 convertat
2782 2929 2847 2984 et
2892 2920 3174 2982 oestrum‘

1431 3022 1727 3110 Ignarus,
1773 3046 1903 3112 qua
1949 3033 2074 3089 stet
2119 3023 2351 3089 melius
2396 3023 2766 3111 respublica
2811 3023 2970 3110 lege.

1610 3129 1859 3197 Ultima
1905 3130 2176 3197 militiae
2221 3153 2381 3197 eura
2425 3142 2522 3197 est
2569 3141 2712 3219 post
2757 3152 2946 3196 saera
2991 3130 3257 3196 deorum

1432 3236 1888 3328 Iustitiamque
1931 3239 2156 3328 aequis
2203 3249 2525 3305 servatam
2573 3237 2845 3327 legibus.
2907 3238 3132 3304 Unum

1224 3367 1364 3413 uuo.
1437 3346 1579 3412 lloc
1627 3348 1745 3414 tibi
1792 3357 1990 3414 restat
2036 3370 2216 3436 opus,
2264 3346 2498 3413 studiis
2543 3345 2841 3413 haerebis
2888 3348 2954 3412 in
3004 3347 3163 3411 istis.

1434 3454 1664 3524 cornia
1712 3466 1782 3522 ut
1829 3455 2085 3522 infenso
2132 3455 2358 3523 sedeas
2404 3455 2850 3522 eircuuulatus
2896 3455 3080 3521 hoste

1438 3563 1613 3632 llinc
1653 3575 1845 3654 atque
1877 3564 2047 3632 inde.
2094 3564 2299 3633 Vides
2330 3564 2481 3631 odia
2512 3564 2805 3651 undique
2834 3575 2898 3631 et
2927 3563 3217 3652 undique
3247 3562 3510 3631 bellum.

1434 3672 1636 3739 Ferro
1680 3695 1844 3762 opus
1889 3683 1987 3738 est
2034 3673 2400 3757 animisque
2444 3684 2508 3738 et
2555 3672 2748 3738 docta
2807 3673 2877 3737 in
2923 3671 3198 3738 vulnera
3260 3671 3511 3739 dextra.

1434 3777 1586 3846 Otia
1631 3777 1783 3845 tolle
1829 3778 1978 3865 tuis,
2025 3799 2225 3844 acuas
2272 3778 2355 3844 ad
2401 3778 2647 3866 proelia
2693 3776 2932 3866 pubem

1226 3905 1367 3951 ouo.
1439 3885 1824 3969 Exci-coque
1869 3884 2086 3971 annis,
2133 3884 2564 3972 madidasque
2610 3883 2975 3972 relinquere
3019 3905 3282 3951 mensae

1431 3990 1607 4077 Coge
1651 4000 1798 4058 tuos
1844 3990 2163 4075 studium3
2210 3992 2469 4080 iamque
2518 3990 2672 4057 inde
2717 3991 2953 4080 polona
2998 3992 3304 4059 iuventus

1434 4098 1686 4165 Bellum
1736 4109 1908 4165 amet
1953 4110 2017 4165 et
2067 4100 2341 4187 sumptis
2387 4121 2776 4165 concurrere
2820 4098 3105 4188 gaudeat
3152 4098 3367 4163 armis.

1433 4206 1656 4294 Turpe
1700 4215 1881 4295 putet
1927 4206 2126 4293 vinci,
2172 4205 2648 4294 pulchrumque
2691 4205 3078 4273 occumbere
3123 4207 3312 4269 morti

1435 4314 1566 4380 Pro
1612 4314 1825 4400 patria
1870 4313 2071 4379 ducat
2114 4314 2315 4379 vitam
2361 4324 2425 4378 et
2472 4336 2588 4400 pro
2635 4312 2831 4378 laude
2874 4313 3140 4399 pacisci,

1441 4509 1460 4542 ⁸
1497 4509 1674 4578 'hugi
1722 4508 1824 4562 hoo
1871 4508 2088 4561 nomine
2135 4524 2171 4560 a
2221 4508 2419 4574 Royslo
2467 4509 2710 4576 suspicor
2756 4507 3084 4559 stanislaum
3121 4504 3518 4569 Onochovnki,

1222 4617 1380 4670 quom
1418 4598 1579 4670 paulo
1626 4607 1757 4652 aute
1809 4599 1864 4649 ln
1902 4599 2147 4650 emtione
2185 4598 2399 4649 funebri
2437 4596 2764 4665 Sigiuuundi
2803 4596 2827 4645 1
2878 4597 3168 4647 momoriae
3211 4595 3395 4647 dicata
3430 4611 3519 4647 ve-

1226 4690 1528 4745 hementius
1566 4688 1620 4741 in
1661 4689 1917 4755 Roysium
1955 4689 2230 4741 invectum
2268 4704 2403 4753 osse,
2457 4687 2596 4755 quod
2634 4694 2777 4739 estet
2812 4687 2955 4737 inter
2990 4694 3238 4738 auctore·
3276 4685 3410 4736 iuris
3436 4700 3518 4735 ιὀ-

1226 4780 1373 4833 mul
1410 4778 1466 4831 ln
1505 4778 1779 4831 Polonlam
1816 4776 2211 4841 introducendi,
2259 4786 2408 4829 recte
2455 4776 2592 4827 vidit
2625 4773 2927 4827 ostelia-ki
2974 4775 3172 4844 (wind.
3210 4774 3353 4841 kryt.
3389 4775 3519 4831 hist.

1229 4870 1299 4932 11.
1341 4883 1429 4935 με.
1473 4865 1573 4921 161
1613 4882 1690 4933 oq.
1729 4874 1785 4919 ot
1820 4863 1965 4929 204).
