4109 5767
627 784 672 852 ⁸⁶
1107 804 1293 879 ”w

634 876 649 883 ν
670 874 801 881 ...ι-..--
810 874 822 880 -
841 874 879 880 .-Α
897 874 901 877 «
913 873 1040 881 ,αι-
1051 872 1170 880 ---....
1522 874 1659 883 ...—
1670 876 1772 885 ...q-

636 887 771 893 ---.--..
782 886 1133 893 -—-·----.——---—----
1149 888 1181 893 ..-
1193 886 1438 893 .----------.-----·
1446 887 1654 897 -ι--ψ-...μ-
1670 886 1771 899 μ...-

728 1000 906 1088 Egressus,
928 1020 1034 1065 mores
1057 998 1251 1088 populorum
1273 1007 1310 1065 nt
1333 1007 1442 1065 nosset
1464 1007 1496 1065 et
1519 998 1625 1087 urbes,

634 1130 704 1177 roe.
737 1108 844 1177 Multa
865 1108 948 1176 adiit
969 1109 1074 1175 maria
1097 1118 1129 1175 et
1151 1119 1263 1196 terrae,
1286 1108 1451 1199 variisque
1473 1107 1603 1198 periclis

737 1218 780 1289 Se
801 1217 930 1307 obiecit,
952 1228 1100 1286 sanctam
1123 1227 1160 1285 nt
1181 1215 1389 1311 solymorum
1412 1218 1584 1308 attingeret
1607 1215 1730 1307 urbem,

737 1330 893 1400 Sanctam
916 1326 1040 1417 urbem,
1063 1327 1184 1397 Christi
1207 1350 1355 1395 maerens
1378 1350 1462 1418 quae
1484 1326 1631 1396 condidit
1653 1326 1730 1395 olim
1761 1360 1765 1370 ·

736 1438 821 1507 Ossa
842 1439 907 1505 Dei
929 1436 1146 1528 mortalesque
1168 1447 1268 1525 artus,
1290 1460 1404 1505 rursus
1426 1447 1459 1505 et
1481 1438 1570 1505 auris

734 1546 900 1633 Reddidit,
923 1555 960 1613 ut
982 1568 1084 1634 regno
1105 1545 1255 1612 Plutonis
1278 1555 1380 1613 morte
1403 1546 1538 1614 subacto

634 1676 702 1722 seo.
735 1655 872 1722 Petrum
895 1655 1021 1719 animae
1044 1653 1149 1720 victor
1171 1651 1314 1719 stellanti
1336 1653 1470 1719 inlerret
1493 1651 1635 1743 Olympo

736 1761 963 1851 Caelestesqne
986 1760 1099 1825 domos
1122 1759 1234 1827 clauso
1256 1769 1414 1827 reseraret
1436 1762 1577 1847 Averno,

734 1869 932 1937 Promeritas
955 1868 1104 1934 adimens
1127 1890 1247 1956 poenae
1270 1865 1461 1934 mortalibus
1485 1868 1600 1955 aegris.

823 1976 999 2041 Proximus
1020 1974 1099 2041 hnic
1121 1973 1236 2063 lingna
1258 1983 1290 2041 ct
1305 1984 1453 2063 prompto
1469 1972 1674 2042 Siracovius¹
1700 1997 1775 2042 acor

736 2082 885 2173 Eloquia,
908 2105 973 2172 quo
995 2104 1091 2149 nemo
1112 2081 1190 2149 boni
1213 2091 1270 2149 ant
1293 2082 1472 2149 consultior
1494 2084 1589 2172 aequi
1611 2091 1661 2149 est

634 2212 703 2257 ιιι.
737 2190 870 2257 Gratim
892 2198 949 2255 ant
971 2188 1081 2277 fando,
1104 2190 1183 2256 dum
1206 2188 1319 2256 sollers
1341 2190 1449 2277 iurgia
1471 2212 1640 2279 nunquam

736 2297 903 2365 Oossantis
925 2295 1037 2385 populi
1060 2295 1232 2385 perplexas
1255 2305 1385 2362 nectere
1407 2295 1481 2362 lites

736 2398 929 2491 'Auguscve
951 2402 1051 2470 refert
1073 2404 1153 2491 regi,
1176 2402 1314 2470 solvitve
1337 2402 1484 2470 docendo

736 2512 905 2579 Victorem
927 2510 1025 2600 hunc,
1049 2511 1171 2579 frustm
1194 2535 1229 2579 se
1252 2511 1371 2579 dedere
1392 2511 1505 2579 litibus
1528 2511 1621 2580 illum

736 2620 914 2709 Enarraus,
937 2620 1138 2711 dubiumque
1160 2620 1222 2688 lori
1246 2620 1421 2689 discrimen
1444 2621 1543 2690 adiro.

633 2752 702 2797 seo.
824 2729 1032 2797 Praeteream
1054 2752 1116 2797 nec
1138 2740 1180 2818 te,
1203 2730 1340 2799 Sborovi
1351 2736 1372 2819 ¹,
1394 2731 1481 2798 bella
1503 2732 1693 2799 frementem

736 2839 983 2929 Mavortemque
1005 2839 1112 2907 ferum
1134 2840 1348 2930 victriciaque
1371 2862 1462 2906 arma
1485 2840 1632 2907 cientem.

740 2948 920 3014 Horrnerat
941 2948 1008 3013 iam
1030 2948 1114 3015 Livo
1136 2959 1219 3037 tuas,
1242 2959 1396 3038 expertus
1418 2952 1473 3016 et⁸
1495 2958 1580 3017 esset

737 3056 779 3122 In
802 3078 862 3122 sua
885 3055 1006 3122 damna
1027 3072 1145 3123 manus
1168 3058 1294 3124 utinam
1317 3056 1501 3146 pubemque
1522 3056 1682 3146 polonum,

739 3162 857 3251 Quam,
880 3163 965 3230 duce
986 3172 1028 3251 te,
1051 3164 1197 3253 pulchris
1220 3165 1360 3231 Livonia
1383 3165 1466 3231 vidit
1488 3165 1523 3229 in
1547 3165 1655 3251 armis,

633 3291 705 3338 see.
740 3271 784 3337 Et
807 3269 996 3338 formidavit
1018 3272 1203 3339 venientem
1226 3283 1324 3361 atque
1347 3294 1438 3338 arma
1460 3272 1626 3339 ferentem.

830 3378 1007 3446 Volsciue⁴
1028 3379 1084 3447 hio
1106 3380 1199 3447 Italis
1222 3379 1335 3447 aderat
1356 3380 1440 3447 bene
1462 3380 1570 3447 cultus
1592 3381 1627 3446 iu
1650 3382 1728 3467 oris3

741 3485 829 3555 Olim
852 3508 949 3576 quem
972 3486 1084 3555 docuit
1106 3487 1288 3555 studiorum
1311 3488 1444 3555 Felsina
1465 3490 1578 3556 nutrix

741 3596 897 3685 Aevoqne
918 3595 1034 3663 eduxit
1056 3597 1161 3686 primo
1183 3606 1215 3663 et
1238 3596 1371 3664 florente
1393 3598 1535 3686 inventa,

741 3702 883 3793 Dignus,
906 3726 1003 3793 quem
1024 3714 1151 3795 partem
1174 3728 1233 3773 rex
1255 3706 1387 3773 iusserit
1408 3729 1478 3774 essa
1501 3716 1640 3773 senatus.

639 3834 709 3879 reo.
830 3811 1011 3903 Regaliqne
1034 3813 1111 3880 olim
1134 3824 1282 3882 assuetus
1305 3814 1503 3882 Radzioviue
1525 3815 1627 3903 aulae,

742 3920 836 3988 Bella
858 3920 1106 4011 Sigismnndum
1129 3924 1199 3990 sive
1221 3923 1303 3991 hacc
1326 3925 1396 3991 sive
1418 3923 1475 3990 illa
1497 3934 1661 4014 gerentem

742 4030 952 4100 Sauromatas
974 4033 1060 4099 inter
1082 4056 1147 4099 non
1170 4032 1304 4100 ultimus
1327 4034 1397 4123 ipse
1420 4044 1558 4101 secutus.

835 4139 880 4205 Hi
902 4162 1030 4227 venere,
1053 4150 1156 4229 tuum,
1178 4163 1337 4230 proceres,
1359 4164 1435 4231 pars
1457 4164 1577 4230 magna
1599 4152 1741 4229 senatus,

744 4246 1782 4341 Quilaetumcelebrent⁶‚Trebnchovi‚almumquehymenaeum,

745 4470 755 4501 ¹
773 4470 896 4539 losnnes,
914 4472 1019 4540 eloquio
1038 4472 1157 4541 iurisque
1170 4472 1268 4540 peritis
1280 4471 1378 4539 alares,
1391 4480 1448 4526 tom
1460 4471 1624 4527 castellsnns
1636 4472 1785 4527 leudensis

637 4567 666 4614 et
683 4560 761 4629 regni
779 4559 906 4613 Polontse
924 4552 1122 4614 referendarius
1140 4560 1381 4629 (sobiessoeedekt
1400 4562 1465 4614 linc.
1485 4559 1530 4630 qa).

745 4645 757 4678 '
774 4648 888 4702 Videtur
906 4665 965 4704 esse
982 4650 1127 4716 Martinus,
1145 4657 1201 4703 turn
1221 4650 1357 4718 peletinns
1376 4649 1570 4718 posnaniensis.

746 4732 807 4789 'ln
825 4737 930 4791 (lornlc.
952 4742 1024 4803 ,ut“.

668 4842 671 4846 ¹
725 4843 727 4846 ’
744 4825 757 4858 ⁴
774 4827 871 4880 Petrus
889 4827 1024 4896 Dnninns,
1042 4829 1088 4896 qni
1106 4834 1200 4896 postes
1218 4844 1332 4900 magnus
1350 4828 1426 4901 regni
1445 4826 1625 4885 cancellarius
1643 4828 1703 4886 luit.

746 4914 826 4970 ⁵tls.
847 4915 1008 4984 ,celebret⁸.
