4109 5767
929 765 1064 801 sanm-
1500 752 1568 818 aas

428 837 748 858 ===.·.·-·-·
628 839 690 848 ----··
700 838 707 845 ·
730 839 732 844 ·
744 838 831 856 -.-.-....

535 959 664 1048 Quippe
687 957 875 1045 indignetur
898 956 988 1025 eaelo
1010 967 1043 1024 et
1066 980 1154 1024 mare
1178 958 1312 1025 misceat
1334 958 1445 1024 imum.

536 1066 726 1133 Extremum
750 1065 861 1157 eyathi
885 1087 949 1131 non
973 1065 1144 1132 exsuxisse
1166 1064 1324 1154 liquorem

454 1197 501 1241 ue.
532 1173 636 1262 Saepe
657 1175 855 1258 inimicitias,
877 1175 953 1241 odia
975 1186 1007 1242 et
1030 1197 1126 1263 saepe
1148 1197 1263 1263 aspera
1285 1176 1395 1262 movit,

535 1281 605 1348 Nee
628 1280 726 1348 semel
749 1282 852 1348 effuso
875 1281 1071 1347 maduerunt
1092 1282 1251 1369 sanguine
1273 1305 1412 1370 mensae,

535 1386 674 1475 Altaque
697 1389 869 1455 eommisse
892 1397 1084 1454 resonarunt
1106 1389 1189 1453 atria
1212 1388 1308 1454 ferro.

535 1493 663 1559 Tertius
685 1491 748 1560 hoe
770 1491 859 1580 lauit,
881 1491 944 1560 hoe
967 1492 1086 1561 dehine
1109 1503 1217 1560 eetera
1238 1493 1335 1560 turba
1357 1506 1469 1562 secuta

535 1600 574 1666 In
597 1598 730 1686 longum
753 1599 853 1666 trahit
875 1609 971 1688 atque
994 1599 1127 1666 modum
1149 1600 1207 1666 vix
1229 1601 1363 1688 invenit
1386 1623 1533 1690 usquam,

453 1726 501 1771 ss.
531 1706 622 1771 Dum
645 1703 773 1770 nullum
794 1706 933 1772 invitare
956 1705 1058 1791 nefas,
1079 1716 1254 1794 potareque
1276 1705 1383 1772 solnm

534 1811 605 1876 Mos
628 1811 752 1898 patriae
775 1818 865 1876 vetat
887 1821 920 1876 et
941 1808 1035 1876 luetis
1057 1808 1111 1876 lex
1134 1809 1246 1876 addita
1269 1811 1397 1878 mensis.

535 1915 610 1984 Sie¹
636 1915 738 1981 multo
760 1914 837 1982 laeti
860 1914 1044 1982 exhilarant
1067 1916 1218 1982 eonvivia
1240 1915 1372 1982 baeehe.

622 2022 751 2088 Interea
774 2021 939 2110 aeeipinnt
961 2043 1134 2087 numerosa
1156 2020 1281 2088 eibaria
1302 2044 1446 2104 mensne;

535 2127 724 2194 Sueeadunt
745 2126 849 2217 epulis
871 2127 994 2216 epulae,
1018 2150 1208 2218 semperque
1230 2150 1389 2196 nevarum

454 2255 501 2301 se.
534 2236 699 2324 Appareut
722 2257 831 2303 rerum
855 2233 967 2318 laeies3
991 2233 1069 2302 latet
1091 2234 1203 2302 abdite
1226 2257 1339 2302 mensa

535 2341 701 2409 Laneibus
723 2351 756 2410 et
778 2341 916 2434 eyatbis,
938 2343 1039 2433 gemit
1061 2354 1093 2410 et
1116 2342 1177 2411 sub
1200 2341 1342 2432 prendere
1365 2353 1439 2410 teta

534 2450 710 2539 Postquam
732 2449 837 2541 epulis
859 2449 996 2541 depulsa
1019 2452 1131 2540 sannas,
1152 2451 1320 2541 omnisque
1343 2450 1476 2519 bibendi

535 2557 640 2626 Cessit
662 2581 761 2646 arnor,
784 2557 912 2651 cyathis
936 2560 1030 2628 toties
1053 2559 1242 2649 aequalibus
1264 2559 1398 2646 haustis,

535 2665 618 2734 Cum
642 2664 751 2732 nullus
775 2668 881 2734 ventri
903 2689 1028 2734 naeuus
1051 2667 1152 2754 loeus,
1174 2668 1283 2734 omnia
1305 2665 1410 2754 plena,

454 2795 501 2841 ss.
533 2773 575 2839 Et
598 2773 696 2862 leuga
718 2796 827 2840 rerum
851 2774 942 2860 serie,
964 2774 1062 2863 longo
1084 2774 1198 2841 ordine
1222 2774 1320 2841 sessa:

535 2880 628 2961 Quae
651 2879 852 2947 stomachum
876 2890 995 2969 eogant
1018 2880 1106 2947 molli
1130 2880 1273 2948 labentia
1294 2890 1393 2967 tuetu,

535 2986 675 3054 Fereala
696 2998 871 3077 ponuntur,
893 2998 987 3078 grate
1008 2999 1137 3056 motura
1160 3012 1274 3077 sapore

534 3095 696 3182 Nolentes‚
718 3097 849 3184 vimque
872 3097 974 3163 invito
998 3097 1126 3164 saetura
1148 3096 1264 3186 palato.

624 3203 690 3269 Hie
712 3202 827 3289 hospes
849 3214 994 3291 pateram
1018 3205 1182 3290 ingentem
1204 3205 1371 3291 signisque
1396 3214 1566 3292 gravatam

453 3328 500 3372 ee.
531 3307 673 3394 Imperat
696 3308 813 3390 afferri,
837 3307 964 3394 lateque
986 3308 1028 3372 ad
1052 3330 1179 3373 summa
1202 3309 1328 3395 repleri,

533 3410 742 3498 Aeeeptaque
765 3421 834 3476 tero
857 3413 971 3498 surgit,
993 3411 1112 3477 dehine
1134 3413 1213 3477 talia
1235 3412 1335 3478 fatum

536 3515 606 3599 Eia,
628 3516 723 3602 agite,
745 3538 765 3581 e
788 3517 906 3582 nostris
929 3515 1056 3603 dignati
1078 3517 1272 3583 aeeumbere
1294 3517 1415 3584 mensis

534 3620 626 3685 Laeti
650 3621 816 3705 eonvivae,
839 3621 867 3686 si
890 3622 958 3686 euri
980 3623 1088 3708 gratia
1110 3623 1197 3709 regis

534 3727 602 3793 Vos
625 3727 738 3816 tangit,
761 3729 847 3816 ragis
870 3727 964 3795 vobis
987 3729 1014 3794 si
1038 3730 1107 3794 vita
1130 3727 1282 3817 salusque

453 3855 500 3899 es.
533 3834 630 3899 Haud
654 3834 792 3922 ingrata,
823 3837 948 3926 seypho
970 3841 1147 3923 vestrum²,
1177 3858 1229 3903 me
1251 3837 1387 3925 quisque
1414 3845 1569 3925 sequatur

534 3940 682 4029 Aequali,
703 3952 833 4009 nostrae
855 3941 999 4030 aequalis
1022 3944 1050 4008 si
1073 3953 1182 4010 vestra
1203 3943 1362 4010 voluntas

535 4048 627 4115 Haee
650 4049 737 4115 fatus
760 4049 876 4116 dextra
897 4051 1042 4136 graviter
1064 4061 1191 4122 cratera
1213 4049 1351 4117 revolvit

533 4154 712 4244 Ingentem,
735 4156 926 4245 penitusque
948 4156 1081 4224 intentis
1104 4156 1254 4224 erunibus
1276 4156 1386 4223 haurit
1493 4185 1499 4192 ¹

532 4263 585 4330 An
610 4263 758 4354 fundum,
781 4276 813 4334 et
837 4289 877 4334 ne
899 4265 977 4357 quid
1002 4265 1114 4355 fundo,
1137 4277 1240 4354 araret,
1263 4277 1349 4336 erret
1373 4266 1407 4333 in
1432 4267 1505 4336 imo.

451 4395 499 4440 re.
530 4373 641 4460 Gutta,
663 4373 756 4441 nefas
779 4376 907 4462 etenim,
930 4376 958 4442 si
982 4376 1086 4443 fundo
1109 4387 1207 4444 restet
1230 4377 1263 4442 in
1287 4377 1361 4443 imo.

534 4481 639 4546 Tanta
661 4492 710 4548 est
733 4481 846 4571 religio
869 4482 910 4550 ob
934 4483 1020 4572 regis
1043 4494 1154 4572 potare
1176 4483 1322 4551 adiutem.

536 4728 544 4757 ¹
563 4731 620 4781 eod.
640 4745 715 4780 narr.
737 4730 818 4794 „sle“,
837 4746 908 4784 cern.
931 4731 995 4794 ,si“.

535 4816 633 4870 'math
654 4824 814 4882 ,nestrum'¹.
