4109 5767
1797 243 2092 278 mamma.
2957 228 3100 300 359.

811 315 843 322 ο.
912 316 957 320 «--

811 327 866 334 -ν-
894 327 1003 334 -σ--·
1020 324 1885 337 —fflo-*Q————
1912 324 2756 334 --—-—-—————-——-

1019 439 1182 505 Toto
1228 448 1488 528 pectore
1532 437 1910 527 viribusque
1958 437 2134 504 totis:

1020 547 1352 615 Christum
1399 570 1548 614 eum
1595 546 1787 613 Patre
1835 545 2210 634 Spirituque
2256 555 2500 633 saneto,

858 651 867 659 ”
904 676 956 719 5.
1019 655 1181 721 Tres
1229 677 1432 720 unum
1479 655 1759 720 fateatur
1804 677 1915 720 ore
1961 662 2112 720 totu.

1127 761 1351 827 Vitam
1399 761 1621 828 vivere
1666 762 1776 850 qui
1825 761 2006 849 eupit
2051 783 2419 849 perennem,

1024 869 1311 934 Abraam
1358 869 1560 953 Deus,
1606 869 1814 949 Isaae,
1860 868 2059 933 Iaeob

1023 975 1183 1039 Imis
1228 973 1490 1040 haereat
1536 974 1777 1039 ossium
1826 973 2154 1055 medulli83

1023 1081 1373 1166 Christum,
1417 1120 1505 1130 —-
1552 1091 1769 1147 eetera
1815 1103 1986 1146 vana
2035 1091 2207 1167 suut,
2256 1119 2342 1130 -
2388 1080 2638 1148 adoret:

863 1211 953 1254 ιο.
1017 1187 1346 1256 Christum
1395 1211 1543 1254 eum
1592 1190 1786 1255 Patre
1833 1187 2211 1277 Spirituque
2256 1197 2482 1255 saneto

1022 1296 1184 1361 Tres
1232 1318 1434 1361 unum
1482 1296 1762 1362 fateatur
1807 1318 1919 1361 ore
1965 1305 2115 1362 toto,

1128 1400 1353 1465 Vitam
1400 1402 1623 1468 vivere
1668 1401 1779 1488 qui
1827 1402 2009 1489 eupit
2052 1423 2422 1489 perennem,

1023 1506 1200 1573 Illud
1247 1506 1484 1574 deinde
1529 1507 1654 1573 sibi
1701 1517 1883 1593 putet
1928 1507 2357 1595 sequendum:

1022 1651 1108 1662 —
1158 1612 1306 1679 Non
1349 1612 1505 1678 huie
1550 1611 1865 1680 dissimile
1911 1622 2026 1697 est,
2072 1613 2248 1701 quod
2292 1621 2445 1679 ante
2488 1612 2758 1697 dietum,
2813 1651 2890 1661 —·

864 1740 957 1786 ιο.
1020 1720 1169 1807 Igni
1214 1719 1553 1808 proximus
1597 1718 1753 1786 hine
1798 1728 2051 1786 ametur
2098 1741 2320 1807 aequo.

1130 1827 1354 1892 Vitam
1401 1828 1627 1893 vivere
1670 1827 1782 1914 qui
1830 1828 2013 1915 eupit
2056 1849 2423 1915 perennem,

1031 1932 1388 2022 Aequalem
1434 1932 1559 1999 sibi
1606 1934 1974 2021 proximum
2020 1933 2277 2022 putabit

1030 2041 1417 2128 Affectuque
1464 2041 1690 2107 volens
1736 2051 2045 2129 sequatur
2092 2063 2240 2127 uno,

1030 2148 1132 2232 Et,
1178 2157 1493 2235 quantum
1540 2148 1683 2232 sibi,
1733 2148 2028 2235 proximo
2077 2146 2323 2213 favebit
2347 2153 2383 2232 ¹,

864 2278 960 2320 πο.
1022 2255 1126 2339 Et,
1173 2264 1487 2343 quantum
1534 2254 1678 2339 sibi,
1723 2254 2021 2341 proximo
2067 2252 2337 2320 timebit.

1134 2362 1358 2426 Vitam
1407 2361 1631 2428 vivere
1675 2361 1788 2448 qui
1834 2361 2016 2448 eupit
2064 2382 2429 2448 perennem,

1027 2506 1112 2515 —
1160 2468 1301 2533 Lex
1347 2466 1721 2555 implebitur
1766 2469 1976 2533 omnis
2022 2466 2125 2533 his
2171 2465 2444 2555 duobus,

1029 2574 1171 2641 Lex
1216 2574 1592 2663 implebitur
1636 2574 1846 2642 omnin
1892 2585 1957 2642 et
2001 2573 2370 2663 prophetae,
2416 2612 2504 2624 -

1030 2682 1396 2755 Hieiussis
1445 2683 1644 2748 faeiat
1689 2683 1846 2747 satis
1893 2682 2167 2763 duobue.

1136 2789 1357 2855 Vitam
1405 2790 1631 2856 vivere
1674 2789 1784 2876 qui
1833 2789 2014 2876 eupit
2056 2811 2427 2876 perennem,

1031 2895 1443 2983 Aeternaque
1490 2896 1619 2961 frui
1666 2894 1971 2961 beatitate
2018 2944 2033 2959 .
2081 2945 2095 2959 .
2143 2944 2158 2960 .
2207 2945 2221 2960 .
2271 2900 2312 2960 ².

809 3106 918 3161 374
960 3110 1095 3175 sqq.)
1132 3109 1186 3159 id
1224 3108 1360 3175 quod
1401 3109 1511 3159 iam
1546 3109 1602 3159 iu
1641 3109 1796 3160 ouol.
1837 3108 2008 3160 altero
2045 3108 2163 3161 loeo
2203 3107 2463 3175 posterior
2500 3123 2690 3176 manu·
2729 3108 2908 3159 verbis
2936 3106 3104 3171 „nori-

812 3199 1039 3265 psit...“
1083 3198 1376 3250 adnotavit.

1031 3288 1045 3317 ¹
1083 3288 1281 3340 Alteri·
1316 3287 1575 3339 librorum
1614 3287 1745 3339 locis
1784 3286 1873 3339 hie
1911 3303 2097 3338 vorsu·
2135 3287 2482 3339 desideratur.

1028 3375 1050 3406 ¹
1085 3378 1160 3429 Hi
1196 3378 1300 3429 duo
1339 3393 1541 3440 vernus,
1590 3377 1681 3443 qui
1719 3378 2092 3443 imperfectum
2129 3392 2245 3428 me
2284 3392 2501 3429 carmen
2539 3376 2797 3440 indicant,
2840 3376 3101 3443 leguntur

812 3471 1020 3516 tantum
1061 3466 1440 3533 posterioribus
1477 3466 1733 3517 librorum
1771 3466 1919 3518 loeis.
