<?xml version="1.0" encoding="UTF-8"?>
<!DOCTYPE html PUBLIC "-//W3C//DTD XHTML 1.0 Transitional//EN"
    "http://www.w3.org/TR/xhtml1/DTD/xhtml1-transitional.dtd">
<html xmlns="http://www.w3.org/1999/xhtml" xml:lang="en" lang="en">
 <head>
  <title>
</title>
<meta http-equiv="Content-Type" content="text/html;charset=utf-8" />
  <meta name='ocr-system' content='tesseract 3.04.00' />
  <meta name='ocr-capabilities' content='ocr_page ocr_carea ocr_par ocr_line ocrx_word'/>
</head>
<body>
  <div class='ocr_page' id='page_1' title='image "./petriroyziimaur00morogoog_0287.png"; bbox 0 0 4109 5767; ppageno 0'>
   <div class='ocr_carea' id='block_1_1' title="bbox 1490 760 1554 825">
    <p class='ocr_par' dir='ltr' id='par_1_1' title="bbox 1490 760 1554 825">
     <span class='ocr_line' id='line_1_1' title="bbox 1490 760 1554 825; baseline -0.016 0"><span class='ocrx_word' id='word_1_1' title='bbox 1490 760 1554 825; x_wconf 88' lang='grc'><strong>161</strong></span> 
     </span>
    </p>
   </div>
   <div class='ocr_carea' id='block_1_2' title="bbox 441 963 1484 2524">
    <p class='ocr_par' dir='ltr' id='par_1_2' title="bbox 441 963 1484 2524">
     <span class='ocr_line' id='line_1_2' title="bbox 520 963 1370 1054; baseline 0.007 -25"><span class='ocrx_word' id='word_1_2' title='bbox 520 963 604 1030; x_wconf 80' lang='lat' dir='ltr'><strong>Tota</strong></span> <span class='ocrx_word' id='word_1_3' title='bbox 625 963 705 1031; x_wconf 87' lang='lat' dir='ltr'><strong>latet</strong></span> <span class='ocrx_word' id='word_1_4' title='bbox 726 963 827 1032; x_wconf 87' lang='lat' dir='ltr'><strong>laetos</strong></span> <span class='ocrx_word' id='word_1_5' title='bbox 850 966 941 1032; x_wconf 86' lang='lat' dir='ltr'><strong>novit</strong></span> <span class='ocrx_word' id='word_1_6' title='bbox 963 988 1025 1033; x_wconf 90' lang='lat' dir='ltr'><strong>nec</strong></span> <span class='ocrx_word' id='word_1_7' title='bbox 1047 967 1134 1033; x_wconf 86' lang='lat' dir='ltr'><strong>veris</strong></span> <span class='ocrx_word' id='word_1_8' title='bbox 1155 966 1303 1054; x_wconf 86' lang='lat' dir='ltr'><strong>honores,</strong></span> <span class='ocrx_word' id='word_1_9' title='bbox 1324 1006 1370 1018; x_wconf 98' lang='lat'><em>-</em></span> 
     </span>
     <span class='ocr_line' id='line_1_3' title="bbox 520 1067 1467 1162; baseline 0.007 -28"><span class='ocrx_word' id='word_1_10' title='bbox 520 1067 568 1134; x_wconf 79' lang='lat' dir='ltr'><strong>At</strong></span> <span class='ocrx_word' id='word_1_11' title='bbox 588 1089 747 1156; x_wconf 86' lang='lat' dir='ltr'><strong>quaerens</strong></span> <span class='ocrx_word' id='word_1_12' title='bbox 770 1069 845 1158; x_wconf 91' lang='lat' dir='ltr'><strong>pins</strong></span> <span class='ocrx_word' id='word_1_13' title='bbox 867 1070 1011 1158; x_wconf 85' lang='lat' dir='ltr'><strong>antistes,</strong></span> <span class='ocrx_word' id='word_1_14' title='bbox 1034 1093 1118 1159; x_wconf 88' lang='lat' dir='ltr'><strong>quae</strong></span> <span class='ocrx_word' id='word_1_15' title='bbox 1139 1071 1244 1160; x_wconf 79' lang='lat' dir='ltr'><strong>gloria</strong></span> <span class='ocrx_word' id='word_1_16' title='bbox 1265 1071 1387 1141; x_wconf 75' lang='lat' dir='ltr'><strong>Christi</strong></span> <span class='ocrx_word' id='word_1_17' title='bbox 1408 1085 1467 1162; x_wconf 80' lang='lat' dir='ltr'><strong>est,</strong></span> 
     </span>
     <span class='ocr_line' id='line_1_4' title="bbox 441 1171 1374 1265; baseline 0.008 -27"><span class='ocrx_word' id='word_1_18' title='bbox 441 1193 489 1238; x_wconf 77' lang='lat' dir='ltr'><strong>re.</strong></span> <span class='ocrx_word' id='word_1_19' title='bbox 520 1171 660 1241; x_wconf 81' lang='lat' dir='ltr'><strong>Omnem</strong></span> <span class='ocrx_word' id='word_1_20' title='bbox 682 1174 740 1262; x_wconf 89' lang='lat' dir='ltr'><strong>qni</strong></span> <span class='ocrx_word' id='word_1_21' title='bbox 762 1173 837 1242; x_wconf 86' lang='lat' dir='ltr'><strong>fuso</strong></span> <span class='ocrx_word' id='word_1_22' title='bbox 859 1176 1002 1242; x_wconf 86' lang='lat' dir='ltr'><strong>servavit</strong></span> <span class='ocrx_word' id='word_1_23' title='bbox 1024 1177 1184 1264; x_wconf 80' lang='lat' dir='ltr'><strong>sanguine</strong></span> <span class='ocrx_word' id='word_1_24' title='bbox 1205 1177 1374 1265; x_wconf 85' lang='lat' dir='ltr'><strong>mundum,</strong></span> 
     </span>
     <span class='ocr_line' id='line_1_5' title="bbox 521 1279 1434 1370; baseline 0.005 -25"><span class='ocrx_word' id='word_1_25' title='bbox 521 1279 566 1345; x_wconf 76' lang='lat' dir='ltr'><strong>Et</strong></span> <span class='ocrx_word' id='word_1_26' title='bbox 586 1280 733 1370; x_wconf 90' lang='lat' dir='ltr'><strong>pendens</strong></span> <span class='ocrx_word' id='word_1_27' title='bbox 755 1303 854 1349; x_wconf 87' lang='lat' dir='ltr'><strong>cruce</strong></span> <span class='ocrx_word' id='word_1_28' title='bbox 874 1289 1053 1349; x_wconf 88' lang='lat' dir='ltr'><strong>tartareum</strong></span> <span class='ocrx_word' id='word_1_29' title='bbox 1073 1283 1255 1351; x_wconf 77' lang='lat' dir='ltr'><strong>tremefecit</strong></span> <span class='ocrx_word' id='word_1_30' title='bbox 1276 1307 1434 1352; x_wconf 80' lang='lat' dir='ltr'><strong>avernum</strong></span> 
     </span>
     <span class='ocr_line' id='line_1_6' title="bbox 520 1385 1375 1478; baseline 0.006 -25"><span class='ocrx_word' id='word_1_31' title='bbox 520 1385 720 1474; x_wconf 80' lang='lat' dir='ltr'><strong>Devioitque</strong></span> <span class='ocrx_word' id='word_1_32' title='bbox 741 1411 852 1475; x_wconf 88' lang='lat' dir='ltr'><strong>manu,</strong></span> <span class='ocrx_word' id='word_1_33' title='bbox 873 1397 1125 1478; x_wconf 87' lang='lat' dir='ltr'><strong>sanctorumque</strong></span> <span class='ocrx_word' id='word_1_34' title='bbox 1146 1390 1258 1458; x_wconf 89' lang='lat' dir='ltr'><strong>intulit</strong></span> <span class='ocrx_word' id='word_1_35' title='bbox 1278 1392 1375 1458; x_wconf 91' lang='lat' dir='ltr'><strong>astris</strong></span> 
     </span>
     <span class='ocr_line' id='line_1_7' title="bbox 521 1493 1446 1586; baseline 0.008 -27"><span class='ocrx_word' id='word_1_36' title='bbox 521 1493 658 1560; x_wconf 88' lang='lat' dir='ltr'><strong>Patrnm</strong></span> <span class='ocrx_word' id='word_1_37' title='bbox 679 1495 806 1562; x_wconf 86' lang='lat' dir='ltr'><strong>animus</strong></span> <span class='ocrx_word' id='word_1_38' title='bbox 828 1494 919 1562; x_wconf 85' lang='lat' dir='ltr'><strong>dedit</strong></span> <span class='ocrx_word' id='word_1_39' title='bbox 940 1505 973 1563; x_wconf 90' lang='lat' dir='ltr'><strong>et</strong></span> <span class='ocrx_word' id='word_1_40' title='bbox 995 1495 1089 1564; x_wconf 89' lang='lat' dir='ltr'><strong>sedas</strong></span> <span class='ocrx_word' id='word_1_41' title='bbox 1110 1495 1258 1564; x_wconf 85' lang='lat' dir='ltr'><strong>habitare</strong></span> <span class='ocrx_word' id='word_1_42' title='bbox 1279 1521 1446 1586; x_wconf 78' lang='lat' dir='ltr'><strong>perennes</strong></span> 
     </span>
     <span class='ocr_line' id='line_1_8' title="bbox 523 1597 1323 1690; baseline 0.008 -26"><span class='ocrx_word' id='word_1_43' title='bbox 523 1597 632 1665; x_wconf 87' lang='lat' dir='ltr'><strong>Huius</strong></span> <span class='ocrx_word' id='word_1_44' title='bbox 654 1607 701 1688; x_wconf 84' lang='lat' dir='ltr'><strong>tu,</strong></span> <span class='ocrx_word' id='word_1_45' title='bbox 724 1600 815 1668; x_wconf 89' lang='lat' dir='ltr'><strong>senio</strong></span> <span class='ocrx_word' id='word_1_46' title='bbox 837 1601 957 1690; x_wconf 83' lang='lat' dir='ltr'><strong>gravis,</strong></span> <span class='ocrx_word' id='word_1_47' title='bbox 979 1611 1013 1667; x_wconf 94' lang='lat' dir='ltr'><strong>at</strong></span> <span class='ocrx_word' id='word_1_48' title='bbox 1035 1601 1212 1670; x_wconf 86' lang='lat' dir='ltr'><strong>virtutibus</strong></span> <span class='ocrx_word' id='word_1_49' title='bbox 1234 1601 1323 1670; x_wconf 88' lang='lat' dir='ltr'><strong>idem</strong></span> 
     </span>
     <span class='ocr_line' id='line_1_9' title="bbox 441 1706 1484 1802; baseline 0.008 -30"><span class='ocrx_word' id='word_1_50' title='bbox 441 1727 490 1773; x_wconf 84' lang='lat' dir='ltr'><strong>so.</strong></span> <span class='ocrx_word' id='word_1_51' title='bbox 521 1706 566 1773; x_wconf 80' lang='lat' dir='ltr'><strong>llt</strong></span> <span class='ocrx_word' id='word_1_52' title='bbox 585 1707 706 1798; x_wconf 87' lang='lat' dir='ltr'><strong>pictate</strong></span> <span class='ocrx_word' id='word_1_53' title='bbox 728 1708 853 1799; x_wconf 82' lang='lat' dir='ltr'><strong>ingens,</strong></span> <span class='ocrx_word' id='word_1_54' title='bbox 875 1708 990 1798; x_wconf 84' lang='lat' dir='ltr'><strong>bonus,</strong></span> <span class='ocrx_word' id='word_1_55' title='bbox 1011 1718 1062 1778; x_wconf 88' lang='lat' dir='ltr'><strong>est</strong></span> <span class='ocrx_word' id='word_1_56' title='bbox 1083 1719 1168 1799; x_wconf 81' lang='lat' dir='ltr'><strong>quac</strong></span> <span class='ocrx_word' id='word_1_57' title='bbox 1189 1709 1302 1800; x_wconf 78' lang='lat' dir='ltr'><strong>gloria,</strong></span> <span class='ocrx_word' id='word_1_58' title='bbox 1324 1713 1453 1801; x_wconf 87' lang='lat' dir='ltr'><strong>quaeris</strong></span> <span class='ocrx_word' id='word_1_59' title='bbox 1463 1716 1484 1802; x_wconf 90' lang='lat'><strong>¹,</strong></span> 
     </span>
     <span class='ocr_line' id='line_1_10' title="bbox 522 1815 1341 1907; baseline 0.006 -25"><span class='ocrx_word' id='word_1_60' title='bbox 522 1815 578 1903; x_wconf 90' lang='lat' dir='ltr'><strong>Ut,</strong></span> <span class='ocrx_word' id='word_1_61' title='bbox 600 1824 696 1884; x_wconf 83' lang='lat' dir='ltr'><strong>vetus</strong></span> <span class='ocrx_word' id='word_1_62' title='bbox 718 1825 768 1885; x_wconf 92' lang='lat' dir='ltr'><strong>est</strong></span> <span class='ocrx_word' id='word_1_63' title='bbox 789 1816 867 1884; x_wconf 91' lang='lat' dir='ltr'><strong>olim</strong></span> <span class='ocrx_word' id='word_1_64' title='bbox 889 1825 937 1884; x_wconf 92' lang='lat' dir='ltr'><strong>tot</strong></span> <span class='ocrx_word' id='word_1_65' title='bbox 958 1818 1015 1907; x_wconf 90' lang='lat' dir='ltr'><strong>qni</strong></span> <span class='ocrx_word' id='word_1_66' title='bbox 1036 1817 1222 1886; x_wconf 90' lang='lat' dir='ltr'><strong>labantibus</strong></span> <span class='ocrx_word' id='word_1_67' title='bbox 1245 1820 1341 1887; x_wconf 87' lang='lat' dir='ltr'><strong>annis</strong></span> 
     </span>
     <span class='ocr_line' id='line_1_11' title="bbox 525 1921 1296 2013; baseline 0.003 -23"><span class='ocrx_word' id='word_1_68' title='bbox 525 1921 680 1990; x_wconf 84' lang='lat' dir='ltr'><strong>Servatus</strong></span> <span class='ocrx_word' id='word_1_69' title='bbox 701 1923 815 2013; x_wconf 88' lang='lat' dir='ltr'><strong>templi</strong></span> <span class='ocrx_word' id='word_1_70' title='bbox 837 1925 919 1990; x_wconf 88' lang='lat' dir='ltr'><strong>ritus</strong></span> <span class='ocrx_word' id='word_1_71' title='bbox 941 1925 1063 2013; x_wconf 88' lang='lat' dir='ltr'><strong>quique</strong></span> <span class='ocrx_word' id='word_1_72' title='bbox 1085 1925 1208 1991; x_wconf 85' lang='lat' dir='ltr'><strong>inditus</strong></span> <span class='ocrx_word' id='word_1_73' title='bbox 1230 1926 1296 1992; x_wconf 87' lang='lat' dir='ltr'><strong>aris</strong></span> 
     </span>
     <span class='ocr_line' id='line_1_12' title="bbox 524 2027 1399 2118; baseline 0.008 -26"><span class='ocrx_word' id='word_1_74' title='bbox 524 2027 596 2094; x_wconf 85' lang='lat' dir='ltr'><strong>Mos</strong></span> <span class='ocrx_word' id='word_1_75' title='bbox 619 2029 716 2116; x_wconf 87' lang='lat' dir='ltr'><strong>stetit,</strong></span> <span class='ocrx_word' id='word_1_76' title='bbox 737 2029 793 2096; x_wconf 90' lang='lat' dir='ltr'><strong>hic</strong></span> <span class='ocrx_word' id='word_1_77' title='bbox 815 2039 945 2097; x_wconf 84' lang='lat' dir='ltr'><strong>maneat</strong></span> <span class='ocrx_word' id='word_1_78' title='bbox 967 2039 1098 2118; x_wconf 84' lang='lat' dir='ltr'><strong>totoque</strong></span> <span class='ocrx_word' id='word_1_79' title='bbox 1116 2030 1242 2098; x_wconf 90' lang='lat' dir='ltr'><strong>colatur</strong></span> <span class='ocrx_word' id='word_1_80' title='bbox 1262 2031 1298 2097; x_wconf 93' lang='lat' dir='ltr'><strong>in</strong></span> <span class='ocrx_word' id='word_1_81' title='bbox 1320 2031 1399 2099; x_wconf 87' lang='lat' dir='ltr'><strong>orbe</strong></span> 
     </span>
     <span class='ocr_line' id='line_1_13' title="bbox 526 2131 1471 2227; baseline 0.004 -26"><span class='ocrx_word' id='word_1_82' title='bbox 526 2131 715 2222; x_wconf 84' lang='lat' dir='ltr'><strong>Sarmatico,</strong></span> <span class='ocrx_word' id='word_1_83' title='bbox 736 2134 932 2224; x_wconf 89' lang='lat' dir='ltr'><strong>pulsumque</strong></span> <span class='ocrx_word' id='word_1_84' title='bbox 953 2135 1067 2224; x_wconf 84' lang='lat' dir='ltr'><strong>procul</strong></span> <span class='ocrx_word' id='word_1_85' title='bbox 1090 2159 1167 2203; x_wconf 88' lang='lat' dir='ltr'><strong>mox</strong></span> <span class='ocrx_word' id='word_1_86' title='bbox 1189 2137 1267 2204; x_wconf 85' lang='lat' dir='ltr'><strong>lana</strong></span> <span class='ocrx_word' id='word_1_87' title='bbox 1288 2137 1471 2227; x_wconf 83' lang='lat' dir='ltr'><strong>profanum,</strong></span> 
     </span>
     <span class='ocr_line' id='line_1_14' title="bbox 443 2239 1180 2331; baseline 0.009 -26"><span class='ocrx_word' id='word_1_88' title='bbox 443 2261 493 2305; x_wconf 84' lang='lat' dir='ltr'><strong>as.</strong></span> <span class='ocrx_word' id='word_1_89' title='bbox 523 2239 628 2306; x_wconf 85' lang='lat' dir='ltr'><strong>Invisi</strong></span> <span class='ocrx_word' id='word_1_90' title='bbox 650 2241 746 2308; x_wconf 83' lang='lat' dir='ltr'><strong>Latio</strong></span> <span class='ocrx_word' id='word_1_91' title='bbox 767 2241 901 2309; x_wconf 85' lang='lat' dir='ltr'><strong>Martini</strong></span> <span class='ocrx_word' id='word_1_92' title='bbox 924 2241 1045 2331; x_wconf 86' lang='lat' dir='ltr'><strong>dogma</strong></span> <span class='ocrx_word' id='word_1_93' title='bbox 1066 2243 1180 2312; x_wconf 81' lang='lat' dir='ltr'><strong>Lutcri</strong></span> 
     </span>
     <span class='ocr_line' id='line_1_15' title="bbox 525 2345 1363 2439; baseline 0.005 -26"><span class='ocrx_word' id='word_1_94' title='bbox 525 2345 666 2414; x_wconf 85' lang='lat' dir='ltr'><strong>Desinat</strong></span> <span class='ocrx_word' id='word_1_95' title='bbox 687 2348 843 2416; x_wconf 82' lang='lat' dir='ltr'><strong>infestare</strong></span> <span class='ocrx_word' id='word_1_96' title='bbox 865 2350 1050 2438; x_wconf 85' lang='lat' dir='ltr'><strong>ignotisque</strong></span> <span class='ocrx_word' id='word_1_97' title='bbox 1071 2349 1199 2417; x_wconf 75' lang='lat' dir='ltr'><strong>exsulet</strong></span> <span class='ocrx_word' id='word_1_98' title='bbox 1221 2352 1296 2439; x_wconf 80' lang='lat' dir='ltr'><strong>orie,</strong></span> <span class='ocrx_word' id='word_1_99' title='bbox 1318 2390 1363 2401; x_wconf 98' lang='lat'><em>-</em></span> 
     </span>
     <span class='ocr_line' id='line_1_16' title="bbox 526 2453 1302 2524; baseline 0.005 -5"><span class='ocrx_word' id='word_1_100' title='bbox 526 2453 682 2521; x_wconf 76' lang='lat' dir='ltr'><strong>Extremo</strong></span> <span class='ocrx_word' id='word_1_101' title='bbox 705 2454 782 2522; x_wconf 88' lang='lat' dir='ltr'><strong>licet</strong></span> <span class='ocrx_word' id='word_1_102' title='bbox 804 2454 883 2523; x_wconf 89' lang='lat' dir='ltr'><strong>orbe</strong></span> <span class='ocrx_word' id='word_1_103' title='bbox 906 2455 969 2523; x_wconf 88' lang='lat' dir='ltr'><strong>coli</strong></span> <span class='ocrx_word' id='word_1_104' title='bbox 992 2477 1054 2524; x_wconf 88' lang='lat' dir='ltr'><strong>nee</strong></span> <span class='ocrx_word' id='word_1_105' title='bbox 1075 2453 1155 2522; x_wconf 86' lang='lat' dir='ltr'><strong>talia</strong></span> <span class='ocrx_word' id='word_1_106' title='bbox 1177 2457 1229 2523; x_wconf 88' lang='lat' dir='ltr'><strong>faa</strong></span> <span class='ocrx_word' id='word_1_107' title='bbox 1251 2457 1302 2523; x_wconf 84' lang='lat' dir='ltr'><strong>sit</strong></span> 
     </span>
    </p>
   </div>
   <div class='ocr_carea' id='block_1_3' title="bbox 444 2560 1561 2866">
    <p class='ocr_par' dir='ltr' id='par_1_3' title="bbox 444 2560 1561 2866">
     <span class='ocr_line' id='line_1_17' title="bbox 614 2560 1561 2652; baseline 0.004 -25"><span class='ocrx_word' id='word_1_108' title='bbox 614 2560 787 2628; x_wconf 75' lang='lat' dir='ltr'><strong>Adventus</strong></span> <span class='ocrx_word' id='word_1_109' title='bbox 809 2561 892 2630; x_wconf 85' lang='lat' dir='ltr'><strong>haec</strong></span> <span class='ocrx_word' id='word_1_110' title='bbox 914 2584 1015 2630; x_wconf 88' lang='lat' dir='ltr'><strong>cauea</strong></span> <span class='ocrx_word' id='word_1_111' title='bbox 1037 2563 1087 2628; x_wconf 90' lang='lat' dir='ltr'><strong>tui</strong></span> <span class='ocrx_word' id='word_1_112' title='bbox 1108 2572 1170 2646; x_wconf 87' lang='lat' dir='ltr'><strong>cst;</strong></span> <span class='ocrx_word' id='word_1_113' title='bbox 1192 2572 1225 2629; x_wconf 89' lang='lat' dir='ltr'><strong>te</strong></span> <span class='ocrx_word' id='word_1_114' title='bbox 1245 2563 1389 2629; x_wconf 85' lang='lat' dir='ltr'><strong>Paulus¹</strong></span> <span class='ocrx_word' id='word_1_115' title='bbox 1411 2565 1561 2652; x_wconf 87' lang='lat' dir='ltr'><strong>eundem,</strong></span> 
     </span>
     <span class='ocr_line' id='line_1_18' title="bbox 526 2668 1317 2755; baseline 0.004 -22"><span class='ocrx_word' id='word_1_116' title='bbox 526 2668 656 2755; x_wconf 79' lang='lat' dir='ltr'><strong>Magnis</strong></span> <span class='ocrx_word' id='word_1_117' title='bbox 679 2679 845 2735; x_wconf 87' lang='lat' dir='ltr'><strong>assuetum</strong></span> <span class='ocrx_word' id='word_1_118' title='bbox 867 2668 974 2754; x_wconf 87' lang='lat' dir='ltr'><strong>rebus,</strong></span> <span class='ocrx_word' id='word_1_119' title='bbox 998 2669 1056 2754; x_wconf 92' lang='lat' dir='ltr'><strong>qui</strong></span> <span class='ocrx_word' id='word_1_120' title='bbox 1078 2668 1201 2736; x_wconf 87' lang='lat' dir='ltr'><strong>vertice</strong></span> <span class='ocrx_word' id='word_1_121' title='bbox 1223 2668 1317 2736; x_wconf 88' lang='lat' dir='ltr'><strong>sedes</strong></span> 
     </span>
     <span class='ocr_line' id='line_1_19' title="bbox 444 2772 1483 2866; baseline 0.003 -28"><span class='ocrx_word' id='word_1_122' title='bbox 444 2795 492 2839; x_wconf 86' lang='lat' dir='ltr'><strong>ac.</strong></span> <span class='ocrx_word' id='word_1_123' title='bbox 524 2773 650 2839; x_wconf 83' lang='lat' dir='ltr'><strong>Divum</strong></span> <span class='ocrx_word' id='word_1_124' title='bbox 671 2772 898 2862; x_wconf 87' lang='lat' dir='ltr'><strong>labentemque</strong></span> <span class='ocrx_word' id='word_1_125' title='bbox 920 2773 1065 2840; x_wconf 87' lang='lat' dir='ltr'><strong>humeris</strong></span> <span class='ocrx_word' id='word_1_126' title='bbox 1087 2773 1179 2840; x_wconf 89' lang='lat' dir='ltr'><strong>velut</strong></span> <span class='ocrx_word' id='word_1_127' title='bbox 1200 2773 1282 2840; x_wconf 84' lang='lat' dir='ltr'><strong>alter</strong></span> <span class='ocrx_word' id='word_1_128' title='bbox 1303 2773 1483 2866; x_wconf 79' lang='lat' dir='ltr'><strong>Olympum</strong></span> 
     </span>
    </p>
   </div>
   <div class='ocr_carea' id='block_1_4' title="bbox 446 2877 1566 4466">
    <p class='ocr_par' dir='ltr' id='par_1_4' title="bbox 526 2877 1434 3294">
     <span class='ocr_line' id='line_1_20' title="bbox 528 2877 1381 2968; baseline 0.001 -21"><span class='ocrx_word' id='word_1_129' title='bbox 528 2877 695 2948; x_wconf 85' lang='lat' dir='ltr'><strong>Sustentos</strong></span> <span class='ocrx_word' id='word_1_130' title='bbox 717 2879 821 2967; x_wconf 85' lang='lat' dir='ltr'><strong>Atius,</strong></span> <span class='ocrx_word' id='word_1_131' title='bbox 843 2880 910 2948; x_wconf 86' lang='lat' dir='ltr'><strong>hnc</strong></span> <span class='ocrx_word' id='word_1_132' title='bbox 932 2903 1027 2948; x_wconf 88' lang='lat' dir='ltr'><strong>sacra</strong></span> <span class='ocrx_word' id='word_1_133' title='bbox 1048 2880 1138 2947; x_wconf 87' lang='lat' dir='ltr'><strong>misit</strong></span> <span class='ocrx_word' id='word_1_134' title='bbox 1159 2879 1201 2946; x_wconf 90' lang='lat' dir='ltr'><strong>ab</strong></span> <span class='ocrx_word' id='word_1_135' title='bbox 1224 2880 1314 2968; x_wconf 89' lang='lat' dir='ltr'><strong>urbe,</strong></span> <span class='ocrx_word' id='word_1_136' title='bbox 1335 2920 1381 2932; x_wconf 90' lang='lat'><em>-</em></span> 
     </span>
     <span class='ocr_line' id='line_1_21' title="bbox 526 2985 1412 3076; baseline 0.005 -23"><span class='ocrx_word' id='word_1_137' title='bbox 526 2985 660 3074; x_wconf 88' lang='lat' dir='ltr'><strong>Paulus,</strong></span> <span class='ocrx_word' id='word_1_138' title='bbox 682 2987 738 3076; x_wconf 88' lang='lat' dir='ltr'><strong>qui</strong></span> <span class='ocrx_word' id='word_1_139' title='bbox 761 2986 883 3057; x_wconf 73' lang='lat' dir='ltr'><strong>Christi</strong></span> <span class='ocrx_word' id='word_1_140' title='bbox 904 2987 979 3056; x_wconf 85' lang='lat' dir='ltr'><strong>vice</strong></span> <span class='ocrx_word' id='word_1_141' title='bbox 1000 2989 1096 3055; x_wconf 88' lang='lat' dir='ltr'><strong>terris</strong></span> <span class='ocrx_word' id='word_1_142' title='bbox 1119 3010 1204 3054; x_wconf 90' lang='lat' dir='ltr'><strong>unns</strong></span> <span class='ocrx_word' id='word_1_143' title='bbox 1227 2997 1260 3057; x_wconf 92' lang='lat' dir='ltr'><strong>ct</strong></span> <span class='ocrx_word' id='word_1_144' title='bbox 1281 2986 1412 3056; x_wconf 86' lang='lat' dir='ltr'><strong>aethrae</strong></span> 
     </span>
     <span class='ocr_line' id='line_1_22' title="bbox 528 3094 1359 3186; baseline 0.004 -26"><span class='ocrx_word' id='word_1_145' title='bbox 528 3094 697 3184; x_wconf 86' lang='lat' dir='ltr'><strong>imperitat</strong></span> <span class='ocrx_word' id='word_1_146' title='bbox 719 3096 861 3186; x_wconf 81' lang='lat' dir='ltr'><strong>fungens</strong></span> <span class='ocrx_word' id='word_1_147' title='bbox 883 3105 1079 3186; x_wconf 80' lang='lat' dir='ltr'><strong>aeterneque</strong></span> <span class='ocrx_word' id='word_1_148' title='bbox 1100 3096 1236 3164; x_wconf 80' lang='lat' dir='ltr'><strong>vincula</strong></span> <span class='ocrx_word' id='word_1_149' title='bbox 1257 3097 1359 3165; x_wconf 79' lang='lat' dir='ltr'><strong>nectit</strong></span> 
     </span>
     <span class='ocr_line' id='line_1_23' title="bbox 529 3202 1434 3294; baseline 0.003 -26"><span class='ocrx_word' id='word_1_150' title='bbox 529 3203 746 3290; x_wconf 80' lang='lat' dir='ltr'><strong>Exsolvitqne</strong></span> <span class='ocrx_word' id='word_1_151' title='bbox 767 3203 890 3293; x_wconf 84' lang='lat' dir='ltr'><strong>volens,</strong></span> <span class='ocrx_word' id='word_1_152' title='bbox 911 3226 1096 3294; x_wconf 76' lang='lat' dir='ltr'><strong>poenaeque</strong></span> <span class='ocrx_word' id='word_1_153' title='bbox 1118 3202 1310 3272; x_wconf 91' lang='lat' dir='ltr'><strong>nocentibus</strong></span> <span class='ocrx_word' id='word_1_154' title='bbox 1332 3205 1434 3293; x_wconf 86' lang='lat' dir='ltr'><strong>addit,</strong></span> 
     </span>
    </p>

    <p class='ocr_par' dir='ltr' id='par_1_5' title="bbox 446 3309 1458 3826">
     <span class='ocr_line' id='line_1_24' title="bbox 446 3309 1377 3401; baseline 0.002 -26"><span class='ocrx_word' id='word_1_155' title='bbox 446 3330 497 3375; x_wconf 83' lang='lat' dir='ltr'><strong>aa.</strong></span> <span class='ocrx_word' id='word_1_156' title='bbox 528 3309 618 3376; x_wconf 83' lang='lat' dir='ltr'><strong>Iram</strong></span> <span class='ocrx_word' id='word_1_157' title='bbox 639 3311 822 3398; x_wconf 87' lang='lat' dir='ltr'><strong>promeritis</strong></span> <span class='ocrx_word' id='word_1_158' title='bbox 844 3312 1007 3378; x_wconf 77' lang='lat' dir='ltr'><strong>Diuorum</strong></span> <span class='ocrx_word' id='word_1_159' title='bbox 1030 3321 1063 3377; x_wconf 88' lang='lat' dir='ltr'><strong>et</strong></span> <span class='ocrx_word' id='word_1_160' title='bbox 1084 3310 1219 3400; x_wconf 82' lang='lat' dir='ltr'><strong>grandia</strong></span> <span class='ocrx_word' id='word_1_161' title='bbox 1241 3309 1377 3401; x_wconf 84' lang='lat' dir='ltr'><strong>Olympi</strong></span> 
     </span>
     <span class='ocr_line' id='line_1_25' title="bbox 530 3413 1458 3504; baseline 0.002 -23"><span class='ocrx_word' id='word_1_162' title='bbox 530 3413 582 3482; x_wconf 92' lang='lat' dir='ltr'><strong>Ob</strong></span> <span class='ocrx_word' id='word_1_163' title='bbox 605 3438 727 3481; x_wconf 85' lang='lat' dir='ltr'><strong>noxam</strong></span> <span class='ocrx_word' id='word_1_164' title='bbox 748 3425 780 3482; x_wconf 87' lang='lat' dir='ltr'><strong>et</strong></span> <span class='ocrx_word' id='word_1_165' title='bbox 801 3417 890 3482; x_wconf 86' lang='lat' dir='ltr'><strong>vitae</strong></span> <span class='ocrx_word' id='word_1_166' title='bbox 911 3438 969 3504; x_wconf 90' lang='lat' dir='ltr'><strong>per</strong></span> <span class='ocrx_word' id='word_1_167' title='bbox 989 3439 1147 3504; x_wconf 78' lang='lat' dir='ltr'><strong>magnum</strong></span> <span class='ocrx_word' id='word_1_168' title='bbox 1169 3415 1312 3483; x_wconf 87' lang='lat' dir='ltr'><strong>dedecus</strong></span> <span class='ocrx_word' id='word_1_169' title='bbox 1334 3422 1458 3504; x_wconf 75' lang='lat' dir='ltr'><strong>actae’,</strong></span> 
     </span>
     <span class='ocr_line' id='line_1_26' title="bbox 529 3520 1435 3610; baseline 0.001 -24"><span class='ocrx_word' id='word_1_170' title='bbox 529 3521 643 3608; x_wconf 85' lang='lat' dir='ltr'><strong>Digna</strong></span> <span class='ocrx_word' id='word_1_171' title='bbox 664 3521 728 3608; x_wconf 87' lang='lat' dir='ltr'><strong>piis</strong></span> <span class='ocrx_word' id='word_1_172' title='bbox 753 3520 877 3587; x_wconf 83' lang='lat' dir='ltr'><strong>addam</strong></span> <span class='ocrx_word' id='word_1_173' title='bbox 899 3521 988 3588; x_wconf 88' lang='lat' dir='ltr'><strong>idem</strong></span> <span class='ocrx_word' id='word_1_174' title='bbox 1009 3543 1071 3588; x_wconf 90' lang='lat' dir='ltr'><strong>sua</strong></span> <span class='ocrx_word' id='word_1_175' title='bbox 1091 3521 1245 3610; x_wconf 85' lang='lat' dir='ltr'><strong>praemia,</strong></span> <span class='ocrx_word' id='word_1_176' title='bbox 1267 3543 1435 3608; x_wconf 89' lang='lat' dir='ltr'><strong>nunquam</strong></span> 
     </span>
     <span class='ocr_line' id='line_1_27' title="bbox 530 3625 1319 3716; baseline -0.003 -24"><span class='ocrx_word' id='word_1_177' title='bbox 530 3625 716 3693; x_wconf 87' lang='lat' dir='ltr'><strong>Interitnra</strong></span> <span class='ocrx_word' id='word_1_178' title='bbox 746 3625 808 3694; x_wconf 90' lang='lat' dir='ltr'><strong>Ille</strong></span> <span class='ocrx_word' id='word_1_179' title='bbox 829 3626 889 3693; x_wconf 89' lang='lat' dir='ltr'><strong>hus</strong></span> <span class='ocrx_word' id='word_1_180' title='bbox 912 3637 1025 3716; x_wconf 86' lang='lat' dir='ltr'><strong>gentes</strong></span> <span class='ocrx_word' id='word_1_181' title='bbox 1047 3637 1080 3695; x_wconf 91' lang='lat' dir='ltr'><strong>te</strong></span> <span class='ocrx_word' id='word_1_182' title='bbox 1102 3627 1197 3693; x_wconf 83' lang='lat' dir='ltr'><strong>iussit</strong></span> <span class='ocrx_word' id='word_1_183' title='bbox 1219 3625 1319 3714; x_wconf 87' lang='lat' dir='ltr'><strong>adire,</strong></span> 
     </span>
     <span class='ocr_line' id='line_1_28' title="bbox 532 3733 1331 3826; baseline 0.003 -26"><span class='ocrx_word' id='word_1_184' title='bbox 532 3733 684 3802; x_wconf 80' lang='lat' dir='ltr'><strong>Errorem</strong></span> <span class='ocrx_word' id='word_1_185' title='bbox 706 3757 749 3802; x_wconf 88' lang='lat' dir='ltr'><strong>no</strong></span> <span class='ocrx_word' id='word_1_186' title='bbox 771 3735 971 3824; x_wconf 85' lang='lat' dir='ltr'><strong>saxonicum,</strong></span> <span class='ocrx_word' id='word_1_187' title='bbox 994 3757 1092 3826; x_wconf 89' lang='lat' dir='ltr'><strong>quem</strong></span> <span class='ocrx_word' id='word_1_188' title='bbox 1115 3757 1244 3825; x_wconf 88' lang='lat' dir='ltr'><strong>serpere</strong></span> <span class='ocrx_word' id='word_1_189' title='bbox 1265 3733 1331 3802; x_wconf 84' lang='lat' dir='ltr'><strong>late</strong></span> 
     </span>
    </p>

    <p class='ocr_par' dir='ltr' id='par_1_6' title="bbox 449 3841 1566 4356">
     <span class='ocr_line' id='line_1_29' title="bbox 449 3841 1307 3932; baseline 0.001 -24"><span class='ocrx_word' id='word_1_190' title='bbox 449 3863 498 3909; x_wconf 78' lang='lat' dir='ltr'><strong>so.</strong></span> <span class='ocrx_word' id='word_1_191' title='bbox 527 3841 644 3908; x_wconf 84' lang='lat' dir='ltr'><strong>Audiit</strong></span> <span class='ocrx_word' id='word_1_192' title='bbox 665 3844 765 3932; x_wconf 89' lang='lat' dir='ltr'><strong>inque</strong></span> <span class='ocrx_word' id='word_1_193' title='bbox 787 3843 875 3911; x_wconf 90' lang='lat' dir='ltr'><strong>diem</strong></span> <span class='ocrx_word' id='word_1_194' title='bbox 897 3845 1037 3912; x_wconf 87' lang='lat' dir='ltr'><strong>maiores</strong></span> <span class='ocrx_word' id='word_1_195' title='bbox 1059 3865 1189 3912; x_wconf 88' lang='lat' dir='ltr'><strong>sumere</strong></span> <span class='ocrx_word' id='word_1_196' title='bbox 1211 3843 1307 3930; x_wconf 83' lang='lat' dir='ltr'><strong>vires,</strong></span> 
     </span>
     <span class='ocr_line' id='line_1_30' title="bbox 531 3949 1365 4040; baseline -0.001 -25"><span class='ocrx_word' id='word_1_197' title='bbox 531 3949 678 4038; x_wconf 80' lang='lat' dir='ltr'><strong>longius</strong></span> <span class='ocrx_word' id='word_1_198' title='bbox 700 3951 749 4018; x_wconf 91' lang='lat' dir='ltr'><strong>ire</strong></span> <span class='ocrx_word' id='word_1_199' title='bbox 770 3952 864 4017; x_wconf 87' lang='lat' dir='ltr'><strong>sinat</strong></span> <span class='ocrx_word' id='word_1_200' title='bbox 893 3951 1003 4018; x_wconf 81' lang='lat' dir='ltr'><strong>Macte</strong></span> <span class='ocrx_word' id='word_1_201' title='bbox 1024 3975 1044 4019; x_wconf 91' lang='lat' dir='ltr'><strong>o</strong></span> <span class='ocrx_word' id='word_1_202' title='bbox 1066 3951 1195 4040; x_wconf 86' lang='lat' dir='ltr'><strong>pietate,</strong></span> <span class='ocrx_word' id='word_1_203' title='bbox 1216 3951 1282 4016; x_wconf 91' lang='lat' dir='ltr'><strong>Dei</strong></span> <span class='ocrx_word' id='word_1_204' title='bbox 1303 3951 1365 4037; x_wconf 86' lang='lat' dir='ltr'><strong>vir,</strong></span> 
     </span>
     <span class='ocr_line' id='line_1_31' title="bbox 533 4055 1429 4144; baseline -0.003 -22"><span class='ocrx_word' id='word_1_205' title='bbox 533 4055 595 4122; x_wconf 86' lang='lat' dir='ltr'><strong>His</strong></span> <span class='ocrx_word' id='word_1_206' title='bbox 617 4077 753 4123; x_wconf 85' lang='lat' dir='ltr'><strong>occurre</strong></span> <span class='ocrx_word' id='word_1_207' title='bbox 774 4056 869 4122; x_wconf 87' lang='lat' dir='ltr'><strong>malis</strong></span> <span class='ocrx_word' id='word_1_208' title='bbox 891 4066 988 4144; x_wconf 86' lang='lat' dir='ltr'><strong>atque</strong></span> <span class='ocrx_word' id='word_1_209' title='bbox 1010 4056 1162 4123; x_wconf 90' lang='lat' dir='ltr'><strong>omnibus</strong></span> <span class='ocrx_word' id='word_1_210' title='bbox 1184 4057 1278 4143; x_wconf 82' lang='lat' dir='ltr'><strong>erige</strong></span> <span class='ocrx_word' id='word_1_211' title='bbox 1299 4055 1429 4142; x_wconf 74' lang='lat' dir='ltr'><strong>templis</strong></span> 
     </span>
     <span class='ocr_line' id='line_1_32' title="bbox 533 4159 1566 4250; baseline -0.001 -22"><span class='ocrx_word' id='word_1_212' title='bbox 533 4160 714 4228; x_wconf 85' lang='lat' dir='ltr'><strong>Sarmatiae</strong></span> <span class='ocrx_word' id='word_1_213' title='bbox 735 4160 821 4228; x_wconf 87' lang='lat' dir='ltr'><strong>hanc</strong></span> <span class='ocrx_word' id='word_1_214' title='bbox 841 4171 975 4250; x_wconf 82' lang='lat' dir='ltr'><strong>pestem,</strong></span> <span class='ocrx_word' id='word_1_215' title='bbox 1004 4161 1169 4229; x_wconf 90' lang='lat' dir='ltr'><strong>terdenis</strong></span> <span class='ocrx_word' id='word_1_216' title='bbox 1192 4183 1276 4250; x_wconf 90' lang='lat' dir='ltr'><strong>qnae</strong></span> <span class='ocrx_word' id='word_1_217' title='bbox 1301 4159 1441 4248; x_wconf 92' lang='lat' dir='ltr'><strong>amplius</strong></span> <span class='ocrx_word' id='word_1_218' title='bbox 1471 4163 1566 4227; x_wconf 90' lang='lat' dir='ltr'><strong>annis</strong></span> 
     </span>
     <span class='ocr_line' id='line_1_33' title="bbox 532 4265 1364 4356; baseline -0.004 -21"><span class='ocrx_word' id='word_1_219' title='bbox 532 4265 644 4335; x_wconf 82' lang='lat' dir='ltr'><strong>Saevit</strong></span> <span class='ocrx_word' id='word_1_220' title='bbox 665 4289 787 4356; x_wconf 88' lang='lat' dir='ltr'><strong>perque</strong></span> <span class='ocrx_word' id='word_1_221' title='bbox 808 4290 920 4335; x_wconf 87' lang='lat' dir='ltr'><strong>omncs</strong></span> <span class='ocrx_word' id='word_1_222' title='bbox 942 4277 1110 4356; x_wconf 80' lang='lat' dir='ltr'><strong>grassatur</strong></span> <span class='ocrx_word' id='word_1_223' title='bbox 1131 4268 1231 4334; x_wconf 87' lang='lat' dir='ltr'><strong>noxia</strong></span> <span class='ocrx_word' id='word_1_224' title='bbox 1252 4265 1364 4334; x_wconf 85' lang='lat' dir='ltr'><strong>caulas</strong></span> 
     </span>
    </p>

    <p class='ocr_par' dir='ltr' id='par_1_7' title="bbox 452 4374 1277 4466">
     <span class='ocr_line' id='line_1_34' title="bbox 452 4374 1277 4466; baseline -0.002 -24"><span class='ocrx_word' id='word_1_225' title='bbox 452 4395 500 4442; x_wconf 78' lang='lat' dir='ltr'><strong>se.</strong></span> <span class='ocrx_word' id='word_1_226' title='bbox 531 4374 638 4442; x_wconf 84' lang='lat' dir='ltr'><strong>Electi</strong></span> <span class='ocrx_word' id='word_1_227' title='bbox 660 4375 769 4464; x_wconf 79' lang='lat' dir='ltr'><strong>gregis</strong></span> <span class='ocrx_word' id='word_1_228' title='bbox 791 4383 824 4442; x_wconf 89' lang='lat' dir='ltr'><strong>ct</strong></span> <span class='ocrx_word' id='word_1_229' title='bbox 845 4375 966 4445; x_wconf 79' lang='lat' dir='ltr'><strong>Christi</strong></span> <span class='ocrx_word' id='word_1_230' title='bbox 987 4374 1163 4466; x_wconf 83' lang='lat' dir='ltr'><strong>populatur</strong></span> <span class='ocrx_word' id='word_1_231' title='bbox 1183 4374 1277 4461; x_wconf 87' lang='lat' dir='ltr'><strong>ovile,</strong></span> 
     </span>
    </p>
   </div>
   <div class='ocr_carea' id='block_1_5' title="bbox 534 4641 1568 4960">
    <p class='ocr_par' dir='ltr' id='par_1_8' title="bbox 534 4641 1568 4888">
     <span class='ocr_line' id='line_1_35' title="bbox 538 4641 1568 4715; baseline 0 -19"><span class='ocrx_word' id='word_1_232' title='bbox 538 4641 661 4714; x_wconf 73' lang='lat' dir='ltr'><strong>&#39;iunges</strong></span> <span class='ocrx_word' id='word_1_233' title='bbox 683 4651 714 4698; x_wconf 87' lang='lat' dir='ltr'><strong>tu</strong></span> <span class='ocrx_word' id='word_1_234' title='bbox 731 4644 838 4715; x_wconf 79' lang='lat' dir='ltr'><strong>quaeris</strong></span> <span class='ocrx_word' id='word_1_235' title='bbox 856 4642 999 4714; x_wconf 71' lang='lat' dir='ltr'><strong>(gloriam),</strong></span> <span class='ocrx_word' id='word_1_236' title='bbox 1017 4660 1087 4712; x_wconf 82' lang='lat' dir='ltr'><strong>quas</strong></span> <span class='ocrx_word' id='word_1_237' title='bbox 1107 4649 1148 4696; x_wconf 82' lang='lat' dir='ltr'><strong>art</strong></span> <span class='ocrx_word' id='word_1_238' title='bbox 1166 4641 1246 4695; x_wconf 82' lang='lat' dir='ltr'><strong>huius</strong></span> <span class='ocrx_word' id='word_1_239' title='bbox 1263 4642 1386 4711; x_wconf 75' lang='lat' dir='ltr'><strong>(christi)</strong></span> <span class='ocrx_word' id='word_1_240' title='bbox 1396 4641 1492 4710; x_wconf 69' lang='lat' dir='ltr'><strong>gloria,</strong></span> <span class='ocrx_word' id='word_1_241' title='bbox 1510 4651 1568 4696; x_wconf 85' lang='lat' dir='ltr'><strong>ut...</strong></span> 
     </span>
     <span class='ocr_line' id='line_1_36' title="bbox 535 4729 1567 4802; baseline -0.002 -16"><span class='ocrx_word' id='word_1_242' title='bbox 535 4729 547 4762; x_wconf 84' lang='lat'><strong>¹</strong></span> <span class='ocrx_word' id='word_1_243' title='bbox 564 4733 666 4786; x_wconf 81' lang='lat' dir='ltr'><strong>Paulus</strong></span> <span class='ocrx_word' id='word_1_244' title='bbox 677 4737 724 4800; x_wconf 78' lang='lat' dir='ltr'><strong>lv,</strong></span> <span class='ocrx_word' id='word_1_245' title='bbox 742 4750 759 4786; x_wconf 88' lang='lat' dir='ltr'><strong>e</strong></span> <span class='ocrx_word' id='word_1_246' title='bbox 775 4740 856 4802; x_wconf 73' lang='lat' dir='ltr'><strong>gente</strong></span> <span class='ocrx_word' id='word_1_247' title='bbox 865 4733 972 4786; x_wconf 69' lang='lat' dir='ltr'><strong>Curata</strong></span> <span class='ocrx_word' id='word_1_248' title='bbox 979 4733 1100 4802; x_wconf 71' lang='lat' dir='ltr'><strong>praefuit</strong></span> <span class='ocrx_word' id='word_1_249' title='bbox 1108 4732 1239 4785; x_wconf 81' lang='lat' dir='ltr'><strong>acclesiae</strong></span> <span class='ocrx_word' id='word_1_250' title='bbox 1246 4747 1312 4783; x_wconf 83' lang='lat' dir='ltr'><strong>rom</strong></span> <span class='ocrx_word' id='word_1_251' title='bbox 1323 4745 1364 4783; x_wconf 76' lang='lat' dir='ltr'><strong>aa</strong></span> <span class='ocrx_word' id='word_1_252' title='bbox 1379 4729 1567 4786; x_wconf 74' lang='lat' dir='ltr'><strong>rues-1559.</strong></span> 
     </span>
     <span class='ocr_line' id='line_1_37' title="bbox 534 4818 1295 4888; baseline -0.003 -13"><span class='ocrx_word' id='word_1_253' title='bbox 534 4818 547 4852; x_wconf 85' lang='lat'>⁸</span> <span class='ocrx_word' id='word_1_254' title='bbox 564 4822 617 4876; x_wconf 82' lang='lat' dir='ltr'><strong>Sic.</strong></span> <span class='ocrx_word' id='word_1_255' title='bbox 635 4821 665 4874; x_wconf 90' lang='lat' dir='ltr'><strong>lu</strong></span> <span class='ocrx_word' id='word_1_256' title='bbox 682 4822 759 4875; x_wconf 84' lang='lat' dir='ltr'><strong>libro.</strong></span> <span class='ocrx_word' id='word_1_257' title='bbox 778 4821 895 4874; x_wconf 77' lang='lat' dir='ltr'><strong>Mallem:</strong></span> <span class='ocrx_word' id='word_1_258' title='bbox 916 4821 1018 4887; x_wconf 79' lang='lat' dir='ltr'><strong>„vitam</strong></span> <span class='ocrx_word' id='word_1_259' title='bbox 1035 4838 1062 4888; x_wconf 84' lang='lat' dir='ltr'><strong>p.</strong></span> <span class='ocrx_word' id='word_1_260' title='bbox 1080 4837 1115 4873; x_wconf 82' lang='lat' dir='ltr'><strong>m</strong></span> <span class='ocrx_word' id='word_1_261' title='bbox 1134 4821 1160 4873; x_wconf 85' lang='lat' dir='ltr'><strong>d.</strong></span> <span class='ocrx_word' id='word_1_262' title='bbox 1179 4822 1295 4873; x_wconf 78' lang='lat' dir='ltr'><strong>sctam&#39;.</strong></span> 
     </span>
    </p>

    <p class='ocr_par' dir='ltr' id='par_1_9' title="bbox 534 4905 1460 4960">
     <span class='ocr_line' id='line_1_38' title="bbox 534 4905 1460 4960; baseline 0.003 -3"><span class='ocrx_word' id='word_1_263' title='bbox 534 4915 646 4958; x_wconf 76' lang='lat' dir='ltr'><strong>camina.</strong></span> <span class='ocrx_word' id='word_1_264' title='bbox 661 4916 687 4957; x_wconf 72' lang='grc' dir='ltr'><strong>τ.</strong></span> <span class='ocrx_word' id='word_1_265' title='bbox 702 4915 719 4956; x_wconf 92' lang='grc' dir='ltr'><strong>Ι.</strong></span> <span class='ocrx_word' id='word_1_266' title='bbox 1428 4905 1460 4960; x_wconf 86' lang='lat' dir='ltr'><strong>ll</strong></span> 
     </span>
    </p>
   </div>
   <div class='ocr_carea' id='block_1_6' title="bbox 0 0 2071 5767">
    <p class='ocr_par' dir='ltr' id='par_1_10' title="bbox 0 0 2071 5767">
     <span class='ocr_line' id='line_1_39' title="bbox 0 0 2071 5767; baseline 0 0"><span class='ocrx_word' id='word_1_267' title='bbox 0 0 2071 5767; x_wconf 95' lang='lat' dir='ltr'><strong> </strong></span> 
     </span>
    </p>
   </div>
  </div>
 </body>
</html>
