4109 5767
838 762 965 799 rofflrstx
982 762 1116 798 ῡΑΙΙΙᾸΤΛ.

407 830 721 855 m

404 976 481 1022 ara.
514 956 612 1022 Νοιι1
635 955 792 1021 damnosa
815 976 909 1021 suoru
930 955 1070 1021 iaoiatur
1090 964 1212 1021 tessera
1235 954 1355 1042 dextra,

514 1062 606 1130 Neve
628 1061 767 1129 advorsa
790 1062 865 1128 eani
887 1060 1014 1151 plaoeat
1036 1083 1140 1128 venus
1162 1062 1374 1150 impermissa,

514 1169 590 1234 Non
612 1168 713 1235 minio
736 1168 866 1257 depieta
889 1191 948 1235 suo
971 1190 1047 1235 oum
1069 1190 1146 1257 rega
1168 1168 1351 1235 iuventus'.

515 1274 665 1342 Reticulo
686 1273 820 1364 pulsare
839 1274 942 1364 pilam
963 1296 1070 1342 vaona
1092 1276 1176 1341 atria
1198 1275 1323 1343 eireum

516 1382 567 1449 Sit
589 1382 649 1469 fas,
672 1391 704 1449 et
726 1382 816 1449 buxo
838 1382 931 1449 detes
954 1381 1155 1449 eommittere
1176 1404 1282 1471 regem

403 1510 482 1555 sao.
515 1489 614 1555 Nune
635 1488 778 1577 peditem
801 1488 925 1576 dextra,
948 1510 1039 1555 nune
1061 1487 1332 1576 semipedemque
1354 1490 1449 1577 eiere,
1514 1560 1520 1573 ,

515 1593 731 1683 Obliquisqua
753 1594 858 1661 aoiem
880 1593 1013 1661 turbare
1034 1592 1210 1660 insultibus
1232 1616 1370 1661 omnem.

605 1698 668 1766 His
690 1700 789 1767 rebus
811 1698 875 1767 sibi
897 1707 1031 1789 quaerat
1061 1721 1143 1789 opus
1168 1697 1319 1788 malaque
1343 1700 1408 1767 otia
1429 1699 1548 1768 vineat

515 1807 590 1873 Hae
612 1808 641 1872 si
663 1829 729 1873 non
752 1806 916 1893 succedat,
938 1829 1032 1895 opem
1054 1828 1150 1895 prees
1171 1816 1284 1895 poseat
1306 1807 1430 1892 Iasum;

513 1910 636 1979 Audiet
658 1910 715 1978 ille
738 1912 884 2001 feratque
907 1911 1024 1977 animis
1048 1910 1163 1978 solatia
1186 1911 1291 1979 fessis.

403 2037 482 2081 aas.
516 2016 652 2083 ¹lblibus
675 2018 809 2085 auxiliis
830 2018 931 2085 menti
954 2040 1031 2085 earo
1055 2018 1174 2085 serviet
1196 2040 1303 2106 aegra,

515 2124 560 2189 llt
582 2123 733 2193 dominas
756 2126 917 2217 impositis
938 2124 1065 2215 parebit
1087 2125 1176 2193 vieto
1200 2125 1358 2217 espistris.

516 2232 666 2323 Hospitio
688 2234 811 2303 mensis
833 2234 909 2303 dein
931 2233 1115 2323 indulgebit
1138 2234 1264 2302 onustis

515 2343 671 2432 Antiates,
692 2343 848 2433 largaque
871 2366 970 2409 mauu
994 2342 1154 2410 saturabit
1176 2366 1294 2432 egenos

515 2449 703 2540 (lassosque
725 2450 923 2540 claudosque
945 2460 977 2518 et
999 2451 1085 2540 quod
1109 2451 1293 2519 miserabile
1314 2452 1350 2518 in
1372 2450 1450 2520 orbe

404 2574 481 2620 aso.
516 2556 687 2624 Praeterea
709 2567 766 2625 est
791 2558 877 2624 Nam
900 2557 1058 2625 divitibus
1080 2557 1158 2646 quid
1181 2557 1326 2647 porrigat
1347 2560 1462 2625 oseas?

514 2663 659 2730 Prandia
681 2664 760 2752 quid
784 2673 887 2731 struat
908 2664 960 2730 his
983 2664 1084 2731 solem
1105 2664 1217 2729 visura
1240 2663 1410 2730 uadentem

514 2769 558 2835 Et
580 2770 690 2837 stellas
712 2770 866 2837 habitura
888 2772 990 2837 suas?
1023 2771 1115 2836 Mare
1138 2770 1258 2857 cogitet
1280 2768 1369 2836 idam

515 2876 622 2942 Amne
645 2899 765 2966 augere
787 2900 846 2944 sno
868 2876 1008 2943 multum
1031 2876 1215 2943 sitientibus
1238 2876 1338 2964 agris!

603 2982 778 3050 Praeterea
800 2983 935 3049 antistes
956 2981 1016 3048 bili
1039 2982 1224 3048 dominetur
1245 2989 1277 3049 et
1299 2982 1376 3047 irae

404 3104 481 3150 aas.
516 3086 656 3155 Vibrare
677 3088 852 3177 indignum
874 3088 995 3154 furiata
1016 3088 1155 3155 verbera
1177 3086 1293 3154 dextra

513 3193 706 3261 Pontificem
728 3217 888 3284 saevoque
909 3217 1026 3261 manns
1049 3216 1176 3261 armare
1197 3194 1333 3283 flagello.

418 3387 422 3396 .
514 3299 609 3365 Mitis
631 3300 731 3367 eorda
752 3312 853 3390 gerat,
876 3302 918 3367 sit
940 3322 1074 3389 paruere
1097 3299 1200 3366 multa
1222 3311 1368 3391 paratus:

513 3406 625 3471 Paroit
647 3404 751 3471 multa
772 3406 896 3472 homini
917 3407 1011 3472 Deus
1034 3406 1259 3494 impunitaque
1280 3406 1408 3496 linquit,

514 3508 585 3575 Neo
606 3511 730 3599 passim
752 3510 830 3577 forti
852 3510 1014 3577 iaoulatnr
1037 3510 1176 3576 fulmina
1198 3511 1316 3578 dextra

404 3633 481 3680 aas.
516 3614 556 3680 In
576 3625 684 3685 sontes
707 3638 867 3705 ausosque
888 3615 995 3684 aeolus
1018 3625 1148 3705 patrare
1167 3616 1346 3684 nefandum
1356 3622 1377 3685 ⁸.

515 3720 684 3813 (instigare
705 3733 815 3792 tumen
837 3746 943 3792 mores
964 3724 1132 3813 vitamque
1154 3734 1315 3793 momento

514 3830 747 3923 Presbyterum
770 3842 802 3900 at
824 3842 944 3921 noetus,
965 3833 1086 3923 populo
1109 3833 1165 3922 qui
1188 3856 1282 3901 saera
1304 3835 1466 3901 ministrat

514 3938 666 4027 Turaque
687 3940 763 4006 Diis
786 3939 894 4007 adolet
915 3941 1110 4029 meritosque
1131 3940 1278 4007 ineendit
1299 3940 1447 4008 honores.

514 4043 604 4124 Quos
626 4045 811 4134 inoulpatos
832 4044 937 4134 plebis
959 4045 1053 4113 deest
1075 4068 1147 4113 esse
1168 4048 1349 4135 magistros,

514 4272 525 4307 ¹
542 4277 621 4331 eom.
640 4276 724 4332 babet
744 4278 841 4343 „Nao⁸.

513 4364 525 4399 ¹
542 4366 715 4421 'l'abellarum
733 4368 866 4437 pietatum
884 4368 942 4422 stra
954 4366 1110 4421 abartarm
1122 4366 1225 4435 (karty)
1236 4366 1338 4437 ludum,
1356 4367 1403 4436 qni
1418 4384 1474 4421 nna
1485 4384 1547 4421 eum

399 4456 467 4510 alea
485 4472 613 4525 peraesos
630 4458 713 4511 attam
731 4458 891 4525 synodorum
909 4458 1154 4511 aeoluimiearum
1178 4456 1286 4527 planitia
1310 4457 1476 4526 tmprobatua
1498 4466 1549 4527 eat,

406 4559 424 4596 a
442 4552 591 4597 assuerum
612 4553 701 4598 tamen
720 4553 866 4615 temporum
885 4547 990 4599 radone
1013 4554 1042 4600 st
1064 4546 1220 4599 chartam
1243 4545 1333 4613 speeie
1357 4551 1385 4599 at
1407 4546 1466 4614 ipso
1490 4546 1548 4599 ludi

405 4650 504 4701 genera
521 4633 690 4700 aliquantum
707 4634 857 4699 differebat,
874 4632 927 4687 boo
944 4634 1003 4686 loeo
1022 4635 1119 4703 tangit.

514 4717 576 4771 'ln
593 4721 637 4773 bia
653 4728 782 4787 quattuor
799 4721 921 4774 ventus·
938 4736 1021 4773 nanu
1045 4722 1139 4789 seriptl
1156 4721 1220 4773 libri
1238 4728 1294 4773 tam
1318 4720 1388 4771 tabo
1410 4720 1548 4789 interpun-

400 4814 483 4875 με,
501 4813 533 4859 ut
549 4822 568 4859 a
585 4808 679 4874 Royalt
696 4824 778 4860 nanu
796 4824 852 4859 non
869 4824 928 4862 aare
945 4810 1083 4861 eonlwtm
1100 4808 1145 4862 val
1160 4807 1223 4862 inda
1241 4808 1357 4863 alescat

1391 4893 1440 4949 10·
