4109 5767
1843 275 2147 322 ‘numerosa
2927 267 3159 365 Q

1711 513 1719 522 .
1848 567 2200 633 LXXIII.-

1073 680 1359 749 Oaclibis
1404 680 1576 748 altus
1619 679 1844 767 honos,
1890 703 2019 745 non
2066 679 2408 779 infitianda
2454 679 2672 744 mariti

1187 788 1499 854 Proxima
1546 785 1714 869 laus3
1764 808 2075 873 magnum
2121 795 2219 852 est
2265 784 2514 874 sponda
2559 783 2770 851 soluta
2814 784 3029 851 nefas..

1819 978 2184 1045 LXXIIII.

1073 1102 1366 1192 caelebs,
1408 1103 1620 1192 prima
1665 1113 1779 1170 tua
1823 1114 1922 1170 est
1965 1101 2111 1170 laus
2158 1102 2752 1189 commemoranda3
2799 1102 3050 1191 marite,

1182 1212 1445 1304 sponda
1491 1235 1768 1303 scquons
1813 1211 2016 1281 docus
2062 1222 2160 1281 cst
2206 1211 2625 1280 immaculata
2670 1221 2856 1281 tuum
2878 1215 2917 1280 ¹.

1070 1322 1299 1390 Altera
1343 1323 1674 1412 proposita
1717 1333 1815 1390 est
1861 1323 1970 1389 cui
2015 1345 2146 1389 non
2192 1322 2303 1388 via
2348 1322 2518 1390 sorte
2563 1321 2868 1412 secanda,

1176 1430 1302 1497 Ille
1347 1440 1527 1497 secat
1571 1430 1838 1497 demens
1883 1430 1953 1496 in
1999 1429 2463 1520 phlegethonta
2506 1432 2702 1499 viam.

1848 1625 2135 1691 LXXV.

1069 1747 1202 1829 Qui
1248 1771 1380 1815 non
1426 1759 1525 1815 est
1571 1748 1828 1817 caelebs
1874 1760 1989 1814 aut
2034 1750 2166 1816 icto
2213 1749 2476 1817 foedere
2522 1749 2782 1835 coniux,

1177 1854 1464 1922 Infernis
1494 1877 1751 1943 'poenas
1798 1855 2101 1922 manibus
2148 1854 2260 1922 ille
2305 1854 2505 1923 dabito

1838 2048 2159 2117 LXXVI.

1067 2170 1465 2257 caelibibus,
1512 2194 1665 2238 mox
1711 2172 2116 2259 coniugibus,
2161 2195 2441 2261 quorum
2487 2171 2718 2239 ultima
2763 2171 2909 2238 laus
2953 2181 3079 2259 εει,

1171 2278 1524 2345 Defunctis
1570 2276 1737 2344 caeli
1782 2278 1964 2365 rogia
2009 2288 2144 2344 tota
2189 2289 2383 2367 patet.

1066 2384 1198 2467 Qui
1245 2407 1376 2451 non
1424 2382 1782 2452 caelibibus
1828 2382 1972 2451 vult
2017 2384 2373 2474 adiungive
2404 2386 2691 2472 maritis,

1176 2492 1456 2558 Haurict
1498 2491 1792 2559 infernas
1837 2491 1947 2559 hic
1992 2492 2383 2560 Acherontis
2408 2499 2650 2582 aquas.

1817 2688 2175 2755 LXXVII.-

1064 2811 1442 2880 caelibibus
1486 2822 1665 2901 patet
1708 2814 2009 2879 immensi
2055 2812 2290 2879 domus
2336 2836 2535 2880 aurea
2581 2813 2764 2901 caeli,

1174 2919 1358 2985 Haec
1403 2919 1758 3006 eademque
1805 2930 2026 3007 patent
2071 2921 2241 2985 atria
2265 2919 2695 3007 coniugibusa

1064 3023 1252 3104 Quae
1298 3023 1535 3090 elausit
1580 3022 1866 3091 moechis
1911 3026 2115 3111 Deus,
2162 3035 2227 3091 et
2274 3026 2588 3092 reseravit
2632 3048 2980 3112 avernum,

1169 3131 1459 3198 Infernis
1504 3141 1757 3219 mergat
1802 3153 1962 3220 quos
2007 3131 2398 3199 Acherontis
2446 3133 2651 3221 aquis.

1791 3328 2182 3396 LXXVIII.

1061 3453 1383 3538 Expertes
1430 3454 1690 3518 veneris
1736 3453 2020 3540 iustique
2066 3453 2308 3542 pudica
2353 3455 2558 3521 secuti

1167 3559 1325 3623 Iura
1370 3559 1512 3644 tori,
1557 3557 1879 3647 Superum
1924 3575 2343 3648 promeruere
2389 3560 2633 3627 domos.

1060 3664 1360 3751 Impuros
1407 3663 1523 3730 sed
1568 3665 1744 3730 enim
1791 3665 1901 3751 qui
1949 3675 2408 3732 consectantur
2451 3688 2726 3753 amores,

1169 3770 1447 3837 Haurict
1490 3769 1608 3837 hos
1653 3770 1854 3837 fluctu
1902 3771 2075 3862 Styx
2120 3795 2325 3860 grave
2371 3772 2605 3840 olentis
2651 3795 2877 3862 aquae.

1829 3960 2157 4028 LXXIX.

1060 4074 1374 4164 Corporis
1421 4077 1782 4165 integritas,
1830 4100 2065 4166 supero
2111 4078 2487 4166 gratissima
2531 4076 2733 4163 caelo,

1169 4183 1432 4251 Gaudet
1475 4186 1808 4251 honoratis
1854 4208 1924 4250 se
1972 4208 2170 4274 prope
2219 4186 2561 4272 coniugiis,
2606 4178 2615 4187 ’

848 4303 995 4311 —
1015 4305 1219 4311 -——-——

1068 4353 1081 4382 ¹
1120 4353 1306 4404 durius
1341 4353 1478 4405 haec
1515 4354 1850 4419 copulantur.
