4109 5767
785 745 822 780 an
840 744 968 780 rotoma:
987 744 1070 780 naara
1088 744 1231 787 aereaere
1248 743 1389 779 rameru.
1613 727 1658 792 35

569 958 596 1002 a.
627 935 792 1004 Oeeubuit
814 936 956 1018 iuvenia;
979 958 1063 1024 qaae
1086 935 1113 1002 si
1136 933 1298 1022 longaeva
1320 934 1435 1001 inisset

681 1044 881 1111 Defunctum
904 1044 1074 1131 Augustus
1096 1043 1167 1131 ipae
1189 1051 1322 1130 negaret
1345 1064 1453 1108 anum.

1069 1234 1110 1300 V.

627 1360 751 1442 Quinta
772 1357 847 1448 polo
869 1359 955 1447 bigis
977 1357 1108 1425 Phoebe
1131 1381 1201 1424 aeae
1223 1356 1333 1424 intulit
1356 1353 1431 1424 altis

681 1467 873 1556 Impositum
896 1466 995 1555 eapiti
1017 1473 1090 1554 port
1113 1464 1264 1531 diadema
1285 1488 1365 1532 meo.

627 1574 710 1643 (ium
733 1574 816 1642 cado
839 1574 928 1640 vieta
949 1571 1045 1638 malie
1068 1573 1160 1661 regni
1182 1572 1267 1638 inter
1288 1570 1410 1660 gaudia
1432 1581 1554 1660 coepta,

680 1683 743 1769 Me,
765 1683 830 1749 eito
853 1682 901 1749 aie
924 1681 1040 1770 rapior,
1063 1680 1152 1746 fama
1174 1679 1276 1747 suinae
1298 1689 1395 1767 neget

1061 1876 1120 1940 vl.

624 2001 738 2086 Aegra
760 1997 861 2065 deeua
884 1997 976 2084 regni
999 1997 1137 2085 rumpi,
1160 2005 1289 2062 mortua
1310 1994 1431 2083 linquo,

678 2105 809 2170 Interea
830 2102 919 2168 hand
943 2125 1009 2168 nna
1031 2104 1104 2168 visa
1125 2100 1236 2168 valere
1258 2101 1320 2167 die.

623 2209 720 2291 Quae
742 2211 790 2276 aie
813 2219 940 2298 sceptra
962 2210 1060 2298 rapit,
1082 2231 1165 2297 quae
1188 2209 1237 2276 aie
1258 2215 1346 2275 tenet
1367 2216 1400 2273 et
1422 2206 1543 2272 fruitur
1565 2205 1623 2292 aie,

679 2317 775 2384 Hane
798 2316 920 2384 vidiaae
941 2316 1055 2404 magia,
1079 2339 1144 2382 non
1166 2315 1320 2384 habuisse
1341 2323 1428 2404 puta

1050 2509 1126 2575 VII.

623 2635 702 2700 Poat
724 2634 805 2698 mihi
829 2642 995 2722 susceptor
1018 2631 1144 2720 regales
1168 2655 1272 2720 nuper
1293 2630 1429 2697 honores

679 2738 834 2827 Signiferi
858 2739 1002 2804 medinm
1025 2736 1073 2804 aol
1096 2737 1273 2825 peragebat
1294 2737 1356 2802 iter
1367 2741 1387 2822 ¹,

624 2845 709 2912 Ounr
730 2846 841 2933 rapior
862 2844 1019 2932 regnique
1041 2843 1153 2911 obiena
1177 2842 1296 2909 deeora
1318 2841 1385 2907 alta
1407 2841 1561 2930 relinquo.

679 2951 810 3018 Vertiee
832 2952 890 3018 vix
913 2959 1044 3019 steterat
1066 2960 1133 3016 tota
1156 2972 1276 3016 corona
1297 2954 1401 3016 meo&

1036 3142 1132 3208 VIII.

621 3269 700 3335 Poat
723 3268 873 3356 quintum
897 3276 1025 3356 sumpto
1047 3266 1202 3335 oeeubuit
1224 3265 1408 3334 diademate
1430 3289 1575 3334 manaem

674 3375 728 3440 De
749 3373 977 3440 Radivilornm
999 3373 1145 3439 Barbara
1167 3381 1245 3438 nata
1268 3372 1372 3439 domo.

621 3479 802 3544 Fortunam
824 3477 941 3542 lueiaae
963 3487 1057 3565 putee
1080 3499 1146 3543 non
1170 3487 1298 3565 reaptra
1320 3475 1462 3560 dedisse3

675 3582 764 3663 Quid
786 3582 895 3670 refert,
918 3604 983 3648 non
1005 3581 1092 3668 dent,
1116 3605 1159 3647 an
1182 3581 1247 3648 eito
1268 3581 1328 3648 Dii
1350 3583 1500 3671 rapiant?

623 3830 753 3884 ¹1dur:
781 3833 827 3885 Sol
850 3834 998 3900 peragebat
1024 3832 1105 3884 madii
1130 3831 1195 3884 anni
1219 3832 1278 3898 iter,
1309 3832 1561 3900 adpropinquabant
1581 3833 1654 3884 eninr

509 3937 562 3972 aex
580 3936 693 3972 menaea.

623 4007 635 4038 ’
652 4007 680 4060 111
697 4015 752 4060 art:
771 4009 818 4060 vix
835 4025 885 4075 par
903 4025 977 4060 eram
995 4025 1109 4061 coronae
1128 4009 1307 4061 anatinandae.
1333 4009 1458 4060 Getarum
1475 4008 1543 4061 illud
1562 4011 1653 4072 „teta”

513 4098 560 4149 rix
578 4098 724 4164 genuinum
742 4105 790 4148 art.
810 4098 935 4164 Suspicor
947 4097 1077 4162 Royainm
1089 4097 1241 4164 aeriprirra:
1262 4097 1376 4161 Vertite,
1389 4097 1435 4148 vix
1447 4103 1568 4163 amarat,
1580 4104 1656 4149 meta

514 4202 613 4238 eatena
630 4203 689 4238 meo
707 4192 756 4238 art
784 4186 875 4239 Oritur
893 4187 976 4238 etiam
994 4186 1110 4253 auspicio
1123 4192 1230 4251 poetam
1243 4186 1361 4239 alludere
1375 4188 1409 4239 ad
1422 4201 1535 4240 coronae
1547 4193 1655 4254 raptan-

514 4275 636 4328 trionalir
655 4276 737 4340 aidus,
755 4277 825 4343 quod
842 4276 872 4326 in
889 4282 980 4328 noatro
998 4276 1062 4327 orba
1081 4292 1171 4328 manaa
1188 4277 1285 4327 martio
1297 4275 1408 4342 oriatur,
1426 4275 1532 4329 occidat
1547 4291 1656 4328 novam-

513 4365 569 4431 bri,
593 4381 684 4417 manaa
708 4365 791 4434 igitur
816 4365 888 4417 maio
905 4365 952 4416 rix
970 4371 1062 4418 teneat
1080 4381 1212 4417 rammam
1230 4366 1373 4417 tutionem
1398 4365 1547 4433 hamiayali.
1572 4365 1656 4434 Atqui

512 4461 571 4506 tnrn
588 4455 679 4522 potina
699 4457 790 4520 „ano“‚
809 4471 863 4507 non
883 4456 973 4521 ‚mm‘
994 4455 1202 4522 exspectaverit.
