4109 5767
1128 781 1207 817 Pml
1225 780 1315 817 ΙῠΥΙΙΙ

758 976 903 1062 Aspectn
926 973 1030 1041 volvit
1052 971 1182 1061 placido
1203 994 1325 1061 perque
1347 974 1456 1038 omnis
1478 983 1596 1060 versat,

759 1079 928 1162 Quantum
951 1080 1039 1146 scies
1061 1081 1186 1144 intenta
1208 1077 1305 1164 valet,
1327 1079 1519 1169 capiturque
1540 1079 1685 1148 locorum

758 1188 869 1274 Atque
889 1185 980 1253 urbis
1003 1187 1111 1274 specie
1133 1196 1166 1252 et
1188 1186 1306 1252 variati
1328 1186 1435 1273 gentis
1458 1188 1605 1254 amictus.

717 1343 725 1359 .
845 1291 966 1361 (lentra
986 1302 1096 1360 autem
1118 1290 1258 1382 populus
1280 1291 1393 1381 deligit
1415 1292 1539 1360 lumina
1562 1295 1595 1360 in
1619 1294 1720 1385 illam,

757 1401 960 1490 Miraturque
981 1423 1100 1488 graves
1122 1399 1234 1467 vultus
1256 1411 1289 1467 et
1310 1401 1426 1467 frontis
1449 1401 1603 1468 honorem

759 1508 957 1597 Egregiiquc
979 1509 1045 1574 oris
1068 1506 1170 1574 decus
1192 1517 1407 1596 aspectusque
1429 1507 1596 1597 benignos,

649 1645 651 1648 >
693 1658 697 1664 -
758 1614 945 1701 Augustam
967 1625 1000 1680 et
1022 1615 1174 1702 speeiem,
1196 1636 1261 1701 qus
1283 1612 1380 1701 longe
1402 1625 1509 1681 cetera
1532 1617 1643 1683 vincit.

758 1719 903 1796 Ducitur
924 1719 1089 1787 excelsum
1111 1719 1261 1808 longaevi
1285 1721 1371 1809 regis
1394 1720 1436 1788 sd
1459 1720 1577 1789 aulam.

717 1881 725 1896 .
848 1827 920 1895 Rex
942 1838 1052 1896 sutem
1074 1850 1169 1895 saera
1192 1829 1375 1896 venientem
1398 1840 1566 1920 exspectat
1589 1832 1622 1897 in
1646 1831 1736 1920 aede,

758 1937 914 2004 Proxima
936 1959 1020 2025 quae
1043 1946 1093 2004 est
1114 1937 1218 2025 aulae,
1240 1938 1355 2004 merite
1376 1961 1572 2006 occursurus
1594 1939 1725 2029 honore,

759 2046 803 2111 Et
824 2046 916 2111 iuxta
937 2045 1039 2131 Bona,
1062 2044 1266 2112 Sloreiscum
1288 2069 1401 2133 genus,
1423 2047 1545 2134 optima
1567 2049 1689 2114 coniux

756 2151 885 2238 Regina
905 2151 1088 2239 illustrique
1112 2151 1226 2218 eadem
1249 2150 1290 2217 de
1314 2154 1473 2239 sanguine
1496 2176 1618 2240 regum

848 2257 921 2323 Rex
944 2258 1033 2345 prior
1055 2258 1206 2344 occurrit,
1228 2258 1341 2322 iuncta
1363 2268 1460 2346 etque
1482 2259 1539 2324 ubi
1562 2257 1697 2326 dextera
1715 2258 1797 2326 dex·

1546 2367 1627 2452 [trae
1649 2376 1707 2452 est,

649 2493 726 2538 ass.
756 2470 981 2558 Reginamque
1003 2469 1107 2536 oeulis
1130 2469 1264 2558 paulum
1288 2468 1447 2558 lustravit,
1470 2473 1592 2539 amieos

760 2578 966 2666 compositus
988 2577 1110 2664 vultus,
1133 2579 1182 2645 sic
1204 2599 1284 2644 veae
1307 2578 1436 2644 silentia
1458 2581 1557 2668 rupit:

760 2684 922 2772 „Elisaba
944 2707 1049 2772 genus
1072 2686 1272 2751 austriscum
1295 2687 1445 2774 regisque
1466 2709 1609 2776 propage

759 2790 925 2857 Femandi
938 2797 958 2878 ¹,
981 2801 1018 2856 ut
1040 2790 1173 2858 tandem
1196 2791 1321 2879 accipio
1343 2803 1384 2878 te,
1407 2794 1497 2880 regia
1519 2794 1620 2882 virga,

758 2896 867 2963 Dulce
890 2898 1067 2963 senectutis
1090 2909 1219 2962 nostrae
1242 2895 1385 2962 solamen
1409 2901 1575 2987 emorquel

650 3025 725 3070 sse.
755 3001 864 3084 Quam
886 3002 1012 3069 dudum
1036 3004 1146 3090 optavi
1168 3003 1287 3068 nostris
1310 3002 1485 3069 succedere
1507 3006 1616 3091 regnis

757 3108 835 3175 Ad¹
857 3111 990 3197 natique
1012 3120 1119 3174 terum
1142 3109 1331 3196 sociumque
1354 3111 1466 3176 venire
1490 3109 1606 3176 cubile.

759 3215 949 3284 Subsidium
972 3215 1051 3282 hinc
1073 3217 1211 3303 generis,
1234 3217 1336 3280 nostri
1357 3214 1435 3282 hinc
1458 3227 1490 3282 ct
1511 3215 1615 3304 gloria
1638 3218 1739 3305 regni.

758 3323 930 3391 Adventus
953 3323 1011 3392 lux
1035 3325 1098 3391 ista
1121 3325 1179 3413 tui,
1202 3323 1412 3391 celeberrima
1435 3326 1553 3392 nestris

759 3432 895 3524 Semper
915 3435 977 3501 crit
999 3435 1110 3524 regnis
1133 3443 1166 3502 et
1188 3435 1249 3501 crit
1272 3433 1448 3502 lectissima
1470 3435 1627 3526 semperl.

716 3595 724 3610 .
848 3545 940 3613 Haec
965 3545 1021 3612 ubi
1044 3569 1103 3612 rex
1126 3546 1223 3633 latus,
1254 3544 1400 3634 sequitur
1421 3545 1640 3634 pulcherrima
1662 3545 1795 3634 coniux,

757 3651 942 3720 Coniuncta
963 3664 996 3719 et
1018 3652 1153 3720 dextrae
1177 3652 1293 3718 dextra
1316 3654 1364 3720 sic
1387 3653 1485 3720 feriet
1507 3676 1593 3720 orsa:

764 3759 892 3847 „Salve
915 3760 1082 3826 Fernsndi
1104 3760 1220 3849 proles,
1243 3761 1343 3826 decus
1367 3759 1479 3826 addita
1501 3761 1603 3848 nobis,

759 3864 935 3951 Fernsndi,
957 3889 1054 3954 quem
1079 3889 1207 3931 summa
1229 3877 1362 3932 manent
1384 3867 1515 3953 fastigia
1538 3889 1655 3952 rarum,

759 3970 940 4056 Egregium
962 3992 1067 4056 genus
1090 3982 1122 4035 et
1144 3981 1273 4036 nostrae
1295 3993 1368 4057 spes
1392 3993 1458 4035 una
1480 3981 1636 4055 senectae,

649 4095 725 4140 sca.
758 4075 859 4139 Haud
882 4077 1013 4161 ingrata
1036 4076 1090 4139 isti
1114 4097 1215 4162 regno
1238 4074 1388 4140 succedis
1411 4085 1443 4150 et
1466 4075 1590 4140 aulae“.

758 4179 815 4247 Sis
836 4182 951 4267 paucis
974 4181 1073 4245 linem
1096 4203 1207 4268 presso
1230 4180 1321 4246 dedit
1343 4203 1398 4246 ore
1420 4181 1581 4268 loquendi.

640 4334 642 4337 -
759 4285 1014 4351 Interesterras
1037 4287 1132 4373 nigre
1155 4309 1221 4351 nox
1244 4287 1364 4352 occulit
1387 4286 1515 4352 umbra:

757 4391 951 4480 Discedunt,
973 4394 1069 4459 tectis
1092 4403 1180 4458 etse
1203 4392 1368 4480 regalibus
1392 4392 1549 4459 adduntl.

667 4685 699 4708 a„
732 4701 735 4708 -
759 4663 769 4694 ¹
788 4663 886 4719 Editio:
908 4665 1105 4728 ,l'erdinandi‘
1125 4673 1221 4719 centra
1239 4667 1317 4719 metri
1337 4665 1418 4735 leges.

673 4792 676 4796 -
760 4753 776 4799 ¹,
791 4756 918 4812 Fortasse
939 4759 993 4820 ..t's
1011 4758 1062 4809 ad‘
1084 4759 1193 4826 scripsit
1211 4759 1335 4824 lteysius.

757 4843 771 4874 ¹
789 4847 881 4898 Potius
899 4846 1047 4913 „abduat‘t
