4109 5767
1504 720 1566 770 bxi

421 920 563 987 edendos
586 923 642 1007 (11,
669 925 732 990 173
756 930 824 1011 sq),
848 926 1013 1013 componit
1035 947 1168 991 carmen
1191 926 1335 1014 nuptiale
1357 927 1567 993 inhonorem

420 1028 565 1093 Radivili
589 1030 685 1115 Nigri
708 1031 746 1115 (l,
772 1032 813 1097 78
838 1032 906 1117 sq),
931 1032 1136 1119 prosequitur
1151 1032 1235 1096 votis
1250 1033 1468 1120 victoriaeque
1484 1035 1566 1097 orni·

421 1134 518 1199 nibus
542 1134 731 1199 Redivilum
756 1135 879 1201 Rufum
895 1136 1135 1224 expeditionem
1150 1135 1361 1203 livoniensem
1378 1138 1564 1225 ingredien-

422 1250 487 1305 tem
510 1262 569 1326 pro
592 1240 744 1327 sapphiro
768 1240 830 1307 sibi
854 1241 974 1307 donato
997 1243 1053 1325 (11,
1079 1244 1165 1327 105),
1186 1244 1310 1329 gratiss
1333 1244 1478 1309 sinceras
1494 1244 1563 1330 agit

422 1344 591 1411 Secssevio
616 1368 674 1432 pro
696 1346 886 1412 muneribus
909 1349 1003 1412 toties
1027 1347 1089 1413 sibi
1113 1346 1229 1412 oblatis
1245 1349 1302 1432 (ΙΙ,
1317 1349 1382 1413 243
1398 1352 1467 1434 sq),
1489 1370 1564 1434 pro-

423 1450 531 1515 fitetur
545 1461 675 1537 gratum
692 1453 726 1516 in
743 1454 964 1539 Augustinum
981 1452 1168 1517 Rotundum
1185 1454 1329 1517 animum
1345 1453 1402 1537 (II,
1418 1455 1482 1519 ‘217
1496 1457 1565 1540 sq),

423 1556 564 1622 celebrat
590 1559 767 1623 Bononiam
791 1558 848 1643 (ΙΙ,
864 1561 929 1625 346
946 1564 1014 1647 sq),
1037 1561 1128 1625 canit
1144 1561 1411 1627 resurrectionem
1427 1560 1563 1627 Domini

423 1664 483 1751 (ΙΙ,
507 1666 594 1749 362),
624 1664 767 1755 explieat
798 1690 961 1733 summum
992 1667 1113 1735 Christi
1145 1666 1186 1733 do
1216 1690 1325 1734 amoro
1354 1677 1564 1756 praeceptum

423 1773 479 1859 (ΙΙ,
503 1776 567 1842 368
591 1781 659 1863 sq),
682 1775 795 1841 lnudut
819 1777 919 1843 vitam
944 1776 1103 1843 errclibem
1127 1778 1184 1862 (ΙΙ,
1199 1777 1266 1843 364
1280 1800 1339 1865 sqq
1362 1778 1449 1861 314),
1473 1776 1565 1843 inve·

423 1881 512 1947 hitur
533 1883 568 1947 in
591 1882 740 1951 Ciefeldii
766 1885 935 1972 perfidiam
966 1885 1004 1970 (Ι,
1028 1888 1094 1952 296
1117 1890 1185 1973 sq),
1215 1886 1361 1972 exagitat
1391 1885 1565 1951 avaritiam

423 1989 479 2073 (ΙΙ,
503 1991 580 2073 233)
603 2002 635 2056 et
658 1991 867 2057 ambitionem
893 1993 948 2075 (ΙΙ,
972 1994 1061 2077 413),
1084 1992 1211 2058 deridet
1227 1992 1396 2080 perfidiam
1413 1991 1469 2077 (ΙΙ,
1484 1993 1564 2074 429;

424 2098 510 2181 223),
534 2100 709 2164 venitatem
727 2099 878 2184 (11‚41(3;
902 2102 981 2181 463ς
1005 2102 1093 2186 470),
1113 2100 1289 2188 exprobret
1304 2099 1464 2185 Rubellio,
1479 2098 1566 2186 quod

423 2203 614 2270 benevolum
640 2207 784 2271 mriruuru
811 2208 841 2271 in
868 2208 983 2295 ipsum,
1006 2207 1165 2272 siumluns
1190 2207 1307 2292 verbis,
1335 2208 1430 2273 luctis
1455 2205 1567 2272 rmlur·

423 2322 502 2398 guat
525 2312 581 2397 (ΙΙ,
604 2315 691 2398 231),
716 2323 811 2401 urget
834 2315 1006 2380 lllundium
1030 2316 1189 2402 quendum
1216 2314 1256 2380 ub
1280 2316 1434 2379 iniurium
1450 2315 1566 2399 Angu-

424 2418 509 2483 stiuo
531 2418 683 2485 lbrtundo
706 2420 830 2485 illatam
854 2444 958 2508 parens
988 2421 1199 2488 alliciendum
1230 2422 1286 2507 (ll,
1309 2422 1396 2505 218),
1427 2420 1566 2505 deniquo

423 2524 579 2589 Ioannem
595 2525 806 2610 Tarnovium,
830 2528 937 2591 virum
953 2550 1127 2612 summum,
1146 2529 1216 2593 vitu
1231 2527 1422 2592 defunctum
1438 2525 1567 2592 inducit

423 2628 465 2694 de
487 2632 556 2694 suis
579 2632 736 2696 institutis
760 2632 920 2719 rebusque
945 2634 1045 2715 gestis
1068 2631 1252 2718 loquentem
1275 2632 1331 2713 (ΙΙ,
1355 2633 1397 2696 ’19
1421 2635 1489 2717 sq).

531 2735 637 2802 Semel
662 2747 802 2822 tantum,
825 2737 910 2825 quod
936 2740 1102 2823 cognitum
1125 2736 1276 2811 habeam,
1299 2738 1333 2799 in
1357 2737 1502 2801 carmine
1524 2756 1566 2799 ox

424 2842 535 2908 verbis
559 2841 668 2907 latinis
692 2843 880 2931 polonisque
905 2845 1059 2909 lestirum
1082 2845 1116 2908 iu
1140 2842 1272 2908 modum
1296 2843 1397 2908 mixto
1421 2864 1498 2906 usus
1518 2849 1567 2905 cst

424 2948 568 3039 Roysius
592 2960 695 3017 metro
718 2950 872 3039 sappbico
895 2952 952 3038 (ΙΙ,
976 2952 1042 3017 263
1066 2955 1132 3039 sq).

532 3057 608 3125 Alis
631 3070 735 3126 metm
757 3061 881 3151 respuit
906 3061 1073 3149 llisprmus
1098 3070 1199 3148 poem,
1224 3059 1255 3124 id
1279 3058 1366 3149 ‹qrrrrd
1382 3059 1453 3124 iure
1471 3057 1567 3124 inire·

423 3169 470 3233 ris
493 3169 653 3258 imprimis
676 3171 710 3235 in
734 3170 866 3239 iambici
890 3193 1006 3237 versus
1022 3170 1136 3236 formis
1152 3169 1319 3257 neglectis,
1342 3192 1422 3257 ques
1438 3168 1567 3257 saepius

424 3286 457 3345 ct
479 3301 500 3343 a
522 3278 651 3345 (istullo
673 3278 886 3368 Martialeque
909 3289 942 3345 et
964 3281 1005 3345 ub
1030 3279 1164 3346 Andron
1186 3278 1329 3364 Aleisto,
1359 3277 1475 3367 Roynii
1498 3299 1568 3342 ms·

424 3386 535 3472 gistro,
559 3398 731 3472 usurpatas
754 3410 825 3453 esse
848 3386 1006 3451 videmus.

533 3490 693 3579 Royzium
716 3492 750 3555 iu
774 3492 976 3558 carminibus
999 3492 1111 3557 latinis
1134 3491 1246 3556 verbis
1265 3492 1436 3555 miscuisse
1451 3489 1569 3575 polone

426 3596 491 3660 ism
514 3619 614 3684 supro
638 3599 757 3663 monui.
785 3598 838 3663 Fax
861 3597 922 3661 lruc
946 3621 1065 3683 genero
1088 3607 1138 3666 est
1160 3598 1229 3663 cius
1253 3618 1384 3662 cannen
1408 3595 1448 3659 In
1472 3593 1568 3659 litua·

427 3704 533 3769 uicum
565 3684 856 3791 peregrinationem
888 3707 931 3791 (Ι,
964 3707 1031 3771 240
1054 3710 1122 3792 sq),
1152 3702 1343 3792 supplricum
1375 3704 1409 3767 in
1441 3699 1568 3767 bibulos

427 3810 483 3895 (ΙΙ,
507 3812 572 3875 263
596 3818 654 3897 sq.)
677 3822 709 3876 et
731 3812 931 3897 epigramma
955 3810 996 3875 ud
1014 3812 1060 3876 Io.
1075 3809 1233 3877 Firleinm
1248 3810 1406 3895 seriptum
1421 3807 1478 3893 (ΙΙ,
1495 3808 1568 3892 168,

426 3915 497 4000 lv).
521 3915 677 3983 Similiter
700 3919 765 3982 ium
789 3919 915 4005 antiqui
938 3940 1058 4003 graeca
1081 3917 1191 3981 latinis
1207 3916 1395 3981 miscebant.
1419 3914 1485 3980 Sed
1501 3914 1569 3977 Lu-

428 4020 524 4087 cilius
547 4023 581 4087 in
605 4024 723 4108 satiris,
747 4025 788 4089 Μ.
812 4023 920 4087 Verro
943 4024 977 4087 in
1002 4022 1070 4087 suis
1094 4022 1281 4109 menippeis,
1304 4021 1419 4088 (iicero
1442 4019 1476 4084 in
1500 4019 1568 4105 epi-

429 4126 523 4192 stulis
545 4126 633 4193 hunc
657 4152 778 4195 morem
802 4131 1034 4197 continuerunt
1052 4130 1138 4193 inter
1159 4126 1289 4193 eosdem
1314 4129 1383 4191 sere
1406 4125 1569 4208 terminos,

427 4235 461 4300 in
484 4234 603 4322 quibus
625 4258 684 4301 nus
707 4235 882 4323 aliqnando
906 4236 938 4301 in
964 4236 1166 4302 sermonibus
1189 4233 1314 4323 polonis
1334 4228 1571 4318 francogallicis

427 4365 626 4429 germunave
649 4367 853 4433 usurpemus,
877 4345 1002 4433 primns
1026 4365 1105 4409 vero
1127 4342 1344 4430 antiquorum,
1367 4340 1421 4427 qui
1439 4361 1569 4425 compo·

428 4451 493 4515 suit
515 4472 646 4517 carmen
670 4451 704 4517 id
727 4474 845 4539 genus,
869 4452 922 4519 cui
947 4475 1036 4518 nune
1059 4451 1265 4517 macaronico
1287 4470 1404 4513 nomen
1428 4444 1568 4511 inditum

427 4568 485 4645 est,
508 4558 571 4624 suit
593 4559 759 4627 Ausonius
781 4559 843 4645 (ed.
860 4562 975 4649 Peipcr
990 4560 1078 4647 Lips.
1097 4560 1192 4645 1886,
1213 4582 1264 4645 pg.
1280 4558 1345 4623 232
1361 4558 1440 4644 sqq.)
1463 4555 1492 4620 F
1493 4554 1571 4619 esti·

428 4690 507 4732 vum
530 4666 592 4733 hoc
614 4668 801 4756 comicoque
824 4667 930 4734 colore
954 4668 1110 4733 infectum
1134 4666 1241 4755 poesis
1263 4686 1381 4752 genus,
1410 4664 1476 4727 ium
1500 4660 1569 4727 XV

427 4784 498 4861 post
520 4774 596 4843 chr.
620 4798 651 4840 n.
674 4774 804 4842 sacculo
828 4775 868 4842 ab
893 4774 985 4841 Italis
1008 4775 1193 4862 repetitum,
1217 4772 1259 4838 ad
1282 4770 1486 4861 perfectioris
1502 4768 1570 4835 for-
