4109 5767
877 797 1030 833 innumero.
1481 782 1527 834 ΙΝ

385 993 506 1081 seripti.
529 994 583 1081 qui
610 1016 698 1059 uurm
716 993 746 1059 in
766 993 960 1060 lribliotlreru
976 1016 1126 1059 ‹rraesarea
1147 993 1277 1081 publiea
1293 994 1527 1081 petnqmlitauu

384 1111 603 1167 asservantur.
642 1100 734 1167 Alter
769 1102 872 1167 forrum
904 1116 1019 1189 quarta
1043 1103 1136 1189 signo
1159 1101 1253 1167 Auru.
1277 1110 1316 1184 Q.
1340 1102 1435 1187 xlv,
1465 1104 1528 1169 130

385 1206 557 1274 distinctus
581 1208 863 1297 (petrapolituunm
888 1210 904 1275 I
927 1233 1000 1275 eum
1026 1214 1119 1289 veae)
1143 1211 1287 1274 eontinet
1303 1220 1373 1296 post
1389 1209 1527 1274 aliorum

386 1315 532 1379 earmina
554 1314 670 1404 Royzii
695 1315 949 1403 Epithalamium
978 1316 1179 1401 Sigismundi
1204 1317 1345 1401 Augusti
1378 1317 1465 1399 regis
1496 1326 1528 1381 at

386 1420 534 1485 Elisabes
560 1422 601 1485 14
625 1419 746 1485 chartis
769 1432 939 1485 exaratum
965 1422 1003 1505 (1,
1027 1424 1182 1504 ‹ra-60),
1205 1420 1287 1486 alter
1311 1421 1435 1485 fourme
1457 1443 1527 1485 araa-

386 1527 494 1591 ximae
510 1537 586 1591 nota
604 1516 703 1620 -Ιῑζ-’,ξ-
726 1529 760 1591 ll.
778 1526 835 1609 lv,
855 1530 917 1592 104
934 1538 1077 1611 ornatus,
1096 1550 1192 1614 quom
1208 1527 1476 1614 petropolitanum
1491 1526 1527 1590 ΙΙ

386 1631 468 1719 (lieo,
492 1633 644 1719 pleraque
667 1632 772 1697 soluta
795 1636 938 1699 oratioue
955 1656 1037 1699 seeo.
1054 1633 1139 1699 XVI
1155 1634 1276 1719 seripta
1293 1631 1527 1720 complectitur,

385 1740 503 1826 quibus
533 1740 754 1807 admiscentur
784 1742 817 1806 iu
849 1741 971 1807 elrartis
1002 1744 1045 1807 211
1076 1739 1117 1806 ad
1150 1742 1189 1805 ul
1218 1740 1330 1828 ltopnii
1359 1741 1457 1805 Dirae
1488 1740 1527 1823 (1,

386 1846 575 1930 263-268)
598 1858 630 1911 et
653 1846 810 1913 nonnulla
834 1847 1023 1935 plerumque
1048 1848 1172 1913 minora
1196 1848 1356 1931 enutrias,
1386 1869 1470 1934 quae
1492 1847 1532 1911 in·

386 1963 560 2039 conspeetu
585 1952 742 2019 librorum
764 1954 889 2019 ordinis
913 1954 989 2020 huie
1005 1955 1197 2043 praelationi
1219 1953 1347 2020 adnexo
1363 1954 1430 2017 suis
1447 1951 1529 2018 loeis

386 2060 592 2147 nuncupabo.
631 2061 774 2148 Uterque
800 2061 881 2127 liber
905 2061 1159 2149 petrapolitanus
1182 2062 1325 2125 eontinet
1353 2059 1464 2124 soluru'
1480 2082 1529 2144 ea,

386 2187 468 2251 quae
503 2166 567 2231 iam
601 2165 768 2232 codicibus
803 2169 984 2234 eoruieousi
1021 2178 1117 2255 atque
1151 2166 1311 2232 ossolineo
1345 2176 1532 2249 servantur,-

386 2271 550 2360 diserepat
564 2285 672 2340 taureu
690 2272 859 2360 aliquoties
875 2276 1020 2361 graviter
1037 2276 1069 2339 in
1088 2272 1306 2361 Epitlralamie
1321 2282 1418 2359 atque
1435 2272 1532 2337 Diris,

386 2402 407 2445 a
429 2389 519 2445 textu
544 2380 594 2446 his
618 2381 711 2445 libris
734 2382 861 2448 trudito.
885 2382 980 2464 tluml
1005 2405 1080 2448 eum
1103 2382 1168 2445 iam
1186 2381 1307 2446 maiore
1325 2393 1415 2467 parte
1430 2378 1527 2444 liuius

386 2484 537 2551 editionis
560 2490 647 2576 typis
671 2510 793 2553 excusa
817 2500 932 2555 rruetus
956 2488 1057 2554 libros
1082 2486 1332 2575 petrapolitaum
1355 2486 1527 2573 cognovis-

387 2616 464 2677 sem,
488 2592 530 2658 ad
553 2594 676 2661 ealaeru
701 2596 909 2682 praelationis
934 2618 1024 2661 tireno
1048 2604 1255 2683 conspectum
1278 2594 1442 2659 variarum
1466 2590 1528 2658 hae

388 2711 479 2787 parts
507 2698 691 2766 leetiounm'
714 2725 899 2789 proponam.
931 2742 962 2751 -
997 2703 1073 2768 Duo
1105 2700 1211 2766 faceta
1242 2700 1357 2790 Royaii
1381 2699 1529 2764 earmina

387 2815 599 2871 asservantur
622 2808 654 2872 in
680 2808 795 2874 ultima
818 2808 930 2875 charta
954 2810 1167 2896 manuscripti
1183 2829 1266 2873 saee.
1283 2805 1377 2887 XVI,
1400 2806 1454 2891 qui
1479 2813 1529 2869 est

388 2912 422 2976 in
442 2912 637 2980 bibliotlreeu
653 2917 807 2980 comitum
825 2915 1000 2982 Krnsiriski
1020 2916 1220 2982 vrusavieusi
1239 2913 1528 3001 eompleetiturque

388 3020 486 3088 (lrieii
511 3033 668 3109 poeumta.
691 3032 838 3105 topiorum
861 3024 997 3089 alterum
1023 3026 1061 3107 (l.
1085 3027 1151 3090 211)
1166 3029 1224 3111 sq.)
1247 3024 1343 3087 ‹rtiruu
1361 3022 1530 3086 romieen-

388 3129 432 3193 sis
457 3128 539 3194 lilrer
562 3128 700 3215 exhibea
724 3130 861 3199 alterum
893 3135 1121 3220 (1121111111.)
1152 3132 1254 3197 arulum
1287 3155 1328 3197 ex
1362 3128 1415 3195 illo
1444 3128 1527 3195 libro

388 3238 537 3303 innotuit.
579 3239 791 3306 llueeheidem
824 3254 950 3328 praeter
984 3241 1104 3307 librum
1139 3241 1360 3306 eornieensem
1397 3238 1530 3303 exhibet

388 3345 560 3408 navreusis
583 3367 667 3411 saec.
689 3346 775 3410 XVI
798 3346 853 3429 (ef.
878 3347 903 3431 Ι,
927 3348 1001 3431 233,
1024 3346 1099 3410 adu.
1125 3349 1174 3427 1.).
1197 3346 1309 3410 Unum
1326 3345 1533 3430 epigramma

388 3448 444 3532 (ll,
468 3450 543 3533 283,
566 3450 664 3531 xlv)
687 3451 823 3516 debetur
846 3450 906 3516 soli
929 3450 1013 3516 libro
1036 3449 1300 3524 stoolrlrolmeusi,
1323 3449 1364 3512 de
1385 3472 1449 3534 qno
1466 3457 1530 3511 ret-

389 3553 449 3618 tuli
473 3554 506 3619 11
532 3579 582 3641 pg.
606 3557 672 3621 280
695 3556 769 3620 adu.
795 3560 822 3642 1,
846 3557 934 3621 aliud
956 3558 1012 3639 (11,
1037 3560 1067 3640 7,
1090 3558 1134 3637 4),
1157 3555 1197 3620 alr
1215 3557 1285 3642 ipso
1301 3555 1426 3641 Royzio
1442 3552 1530 3641 typis

390 3659 523 3747 editum,
545 3661 672 3747 legitur,
697 3674 732 3727 ut
755 3687 775 3727 a
790 3664 855 3729 Jos.
874 3662 1122 3753 Przyborou'ski
1140 3662 1317 3728 liberaliter
1334 3683 1389 3747 per
1404 3659 1530 3725 litteras

390 3766 524 3833 edoetus
548 3792 629 3857 sum,
652 3771 737 3836 iuter
760 3770 825 3835 alia
850 3772 882 3835 iu
908 3772 999 3837 elutis
1015 3771 1198 3835 tourieianis
1215 3768 1429 3833 bibliothecae
1444 3766 1531 3831 ordi-

390 3876 531 3941 nationis
555 3880 777 3945 zamoseianae
800 3879 1021 3944 varsariensis
1046 3886 1088 3962 (n.
1112 3880 1208 3963 2858,
1232 3888 1306 3942 tom.
1322 3877 1378 3956 23)
1402 3876 1435 3938 in
1452 3896 1531 3961 pen-

390 3992 527 4048 tametro
550 3985 595 4049 ita
618 3986 837 4051 immutatum:
865 3985 954 4070 „Ilex
977 3984 1040 4069 hio,
1065 3985 1145 4051 haee
1161 4006 1247 4048 urrxa
1262 3995 1319 4067 est,
1343 3983 1432 4069 pasis
1448 3981 1530 4046 ami-

391 4112 449 4155 eus
472 4090 574 4156 erat“.

500 4198 591 4265 Haec
621 4200 790 4267 innotuere
822 4200 898 4265 milri
931 4200 1172 4288 Ropziunerum
1203 4198 1383 4264 earmiumu
1412 4194 1532 4258 funda·

391 4318 499 4371 menta
523 4330 621 4373 manu
645 4309 776 4397 scriptu.
801 4308 890 4375 Inter
912 4332 994 4397 quae
1018 4332 1092 4374 euru
1118 4306 1236 4373 librum
1262 4306 1484 4372 eoruieeusem
1501 4312 1534 4368 et

390 4414 585 4481 osurlineuru
618 4416 772 4483 materiae
802 4418 843 4483 ab
876 4418 954 4505 ipsis
987 4415 1092 4481 solum
1123 4423 1272 4480 servatae
1307 4414 1400 4498 eopia
1435 4410 1532 4477 fueile

390 4520 570 4607 prinoipem
595 4521 741 4588 obtinere
765 4522 871 4588 loaum
896 4534 1019 4587 eertum
1045 4523 1104 4604 sit,
1135 4520 1177 4586 rul
1208 4545 1262 4586 eos
1294 4518 1390 4584 redeo
1419 4517 1535 4604 paneis-

391 4628 595 4715 repetiturus,
617 4652 700 4715 quae
724 4629 855 4694 uberius
879 4630 912 4695 in
936 4653 1008 4693 meu
1033 4627 1149 4716 polono
1172 4626 1213 4692 de
1236 4627 1358 4713 ltopzio
1377 4624 1530 4688 disserta·

391 4734 478 4798 tioue
500 4734 646 4820 exposui.
670 4734 753 4802 Sunt
775 4736 875 4816 igitur
897 4734 930 4799 hi
954 4734 1019 4798 ‹luo
1043 4733 1119 4799 libri
1142 4744 1174 4797 et
1194 4742 1394 4797 servatorum
1413 4730 1531 4793 earmi-

392 4838 608 4905 numordiue
631 4852 661 4905 et
685 4842 755 4928 ipsa
778 4852 886 4907 textus
910 4842 1165 4907 conformatione
1195 4841 1280 4903 iuter
1311 4861 1345 4902 se
1377 4859 1530 4924 perquam
