4109 5767
747 719 751 728 .
776 765 881 801 essars
900 765 1120 803 renueremus.
1451 749 1519 816 253

664 835 705 842 ...-
717 847 767 854 --
851 847 898 855 ...-
960 847 977 856 n
1039 836 1386 856 -=..-.-—-0‹---.----

481 958 528 1023 Ut
551 956 679 1024 eaelum
702 957 798 1024 terris
821 955 1007 1044 praedicere
1031 957 1111 1022 talia
1132 959 1263 1044 fingas?

482 1063 654 1130 sarnam*
678 1063 877 1130 Sarmaticae
900 1072 968 1128 tans
991 1061 1064 1128 dira
1086 1063 1259 1150 precabare
1281 1064 1396 1150 genti?

571 1168 654 1248 Quis
678 1190 753 1234 enm
776 1189 852 1254 rege
874 1176 967 1254 regat
996 1167 1132 1256 populos
1156 1168 1307 1236 Samuele
1329 1170 1521 1258 perempto?

402 1299 448 1342 aa.
479 1276 563 1356 Quis
585 1297 744 1365 proceres,
766 1276 794 1341 si
818 1274 949 1362 quando
971 1274 1049 1340 olim
1072 1275 1159 1341 mala
1182 1276 1297 1342 miscet
1319 1277 1451 1366 Erinys,

482 1383 572 1463 Quos
595 1392 702 1470 partes
724 1383 810 1468 rapit
833 1383 866 1446 in
891 1381 999 1446 varias
1022 1380 1189 1448 discordia
1210 1381 1353 1466 demens,

482 1486 659 1553 Discordes
682 1487 800 1552 animis
824 1487 946 1571 iungat,
970 1487 1055 1574 perti
1078 1510 1202 1574 aequum
1225 1487 1376 1574 utrique?

484 1593 579 1660 Pacis
602 1616 715 1658 ainans
738 1593 917 1682 doctusque
940 1592 1044 1660 isralas
1068 1616 1260 1683 componere
1281 1591 1365 1681 lites,

483 1701 664 1792 Implicitas
687 1701 761 1769 lites
783 1713 816 1768 et
838 1725 904 1768 non
927 1702 1078 1770 cedentia
1100 1703 1182 1790 iura,

403 1832 451 1876 so.
482 1811 526 1876 Et
548 1810 675 1877 mollire
697 1810 775 1878 olim
798 1810 937 1900 placidis
960 1811 1037 1877 odia
1059 1834 1173 1900 aspera
1196 1811 1328 1878 verbis?

486 1918 584 1984 Hunc
607 1929 737 2006 raptum
760 1919 854 1985 terris
878 1918 1010 1986 voluisti
1034 1919 1173 2006 pessime
1195 1919 1310 1985 vates?

574 2026 639 2091 Dic
655 2025 744 2110 mihi,
759 2025 838 2113 quid
854 2025 995 2112 tandem,
1010 2024 1090 2113 quid
1098 2036 1178 2092 te-
1186 2047 1243 2113 per
1255 2025 1362 2092 sideru
1373 2049 1522 2114 poseo-

485 2131 652 2199 Ollendit?
674 2131 752 2220 quid
776 2154 841 2198 non
864 2131 1066 2199 laudandum
1096 2133 1131 2200 in
1161 2132 1312 2221 praesule
1336 2143 1426 2200 tanto
1448 2135 1520 2200 est?

486 2240 520 2308 Si
545 2240 613 2320 tibi,
636 2263 731 2327 quem
756 2240 878 2328 cupia's,
900 2239 1074 2327 fingendus
1096 2241 1266 2328 episeopus
1289 2251 1382 2325 esset,

405 2369 452 2412 ss.
484 2347 556 2412 Non
580 2347 665 2413 alius
687 2347 859 2434 lingendus
882 2357 960 2432 erat,
984 2347 1048 2412 nisi
1071 2348 1171 2416 noxia
1193 2347 1284 2414 cordi

486 2452 632 2520 Crimina
655 2463 739 2540 sant,
762 2453 868 2541 placet
890 2463 923 2520 at
945 2475 1063 2520 corvos
1086 2454 1249 2541 praeferre
1273 2452 1443 2520 columbis.

487 2561 640 2626 Maiestas
663 2561 850 2628 veneranda
873 2561 936 2626 viri
960 2561 1148 2648 speciesque
1170 2560 1298 2644 deeora,

485 2665 581 2731 Unde
604 2666 664 2731 tibi
686 2665 819 2752 quidvis
841 2666 946 2752 possis
968 2667 1155 2752 promittere
1177 2687 1347 2752 magnum

488 2771 585 2837 Certa
607 2771 688 2837 fides
710 2771 769 2856 illi,
792 2772 904 2859 pietas,
926 2769 1102 2858 prudentia
1123 2793 1207 2854 rara,

408 2894 454 2939 so.
485 2875 579 2941 Mens
594 2877 691 2962 mitis,
714 2875 880 2964 placidum
896 2876 1073 2962 ingenium,
1089 2876 1123 2941 in
1140 2875 1225 2942 bona
1239 2897 1343 2964 prona
1358 2873 1525 2957 voluntas,

491 2981 626 3070 Eloquia
650 2993 817 3071 praestans
840 2993 872 3050 et
894 2982 1051 3068 religione
1073 2982 1245 3067 verendus,

490 3088 642 3176 Consilio,
664 3113 728 3178 quo
750 3091 863 3160 vincat
885 3113 965 3156 avos
989 3100 1177 3179 veteresque
1200 3089 1336 3158 Ssslonas

488 3196 530 3260 Et
552 3196 819 3266 Lacedaemoniis
841 3198 976 3285 figentes
999 3198 1072 3263 iura
1094 3199 1279 3288 Lycurgum

490 3304 637 3371 Antiates
660 3305 777 3371 iustus:
803 3328 866 3372 non
890 3304 946 3370 illo
971 3304 1079 3372 iudico
1101 3305 1195 3372 dives

409 3429 456 3473 rs.
488 3411 594 3490 Qinun
617 3435 741 3498 pauper
763 3413 875 3500 potior,
898 3414 1002 3500 potior
1026 3436 1091 3478 non
1115 3412 1171 3479 ille
1194 3412 1245 3479 vel
1270 3412 1333 3498 ille,

492 3517 573 3597 Non,
596 3542 693 3607 quem
717 3519 809 3598 civis,
832 3543 929 3608 eques
953 3520 1125 3608 splendore
1147 3519 1305 3608 superbus
1328 3520 1430 3604 avit03

491 3625 681 3715 Inipmtuna
703 3625 784 3694 nihil
809 3628 896 3696 vallet
918 3629 1106 3696 intercessio
1129 3629 1239 3714 maior,

493 3735 546 3801 Nil
572 3737 721 3824 precibus
745 3749 897 3806 constans
920 3737 1065 3806 lacrimis
1088 3760 1149 3806 noc
1171 3737 1313 3804 flectitur
1335 3736 1420 3823 ullis,

493 3843 546 3908 Nil
571 3845 657 3931 apud
680 3845 768 3912 hunc
792 3869 907 3912 asirsun
930 3856 1121 3934 porrectave
1144 3868 1280 3911 munera
1302 3854 1446 3932 possunt

412 3969 459 4012 so.
490 3949 580 4016 lustu
603 3952 711 4017 virum
734 3975 861 4038 prosuae:
886 3975 1053 4039 nunquam
1076 3953 1198 4039 patiere
1220 3951 1391 4039 repulsam.

492 4055 637 4122 Dextera
659 4057 801 4122 iustitiae
824 4058 926 4122 iustas
950 4067 1037 4122 tenet
1059 4080 1162 4143 aequa
1183 4056 1336 4123 bilances.

493 4157 554 4221 Vir
576 4158 680 4225 bonus
703 4159 757 4226 hic
780 4183 964 4247 aequusque
987 4171 1019 4224 et
1041 4182 1106 4224 non
1130 4160 1269 4224 iniurias
1293 4159 1360 4243 ulli,

408 4338 410 4344 ¹
493 4263 555 4330 oni
578 4285 676 4330 curae
698 4265 809 4352 pietas,
832 4267 885 4332 cui
909 4265 973 4330 (liis
998 4265 1141 4332 indicere
1163 4263 1301 4331 honoros

494 4369 741 4460 Priscornmque
764 4383 893 4461 patrum
916 4374 1017 4438 iustos
1041 4372 1215 4439 defendere
1237 4373 1328 4438 ritus.

388 4549 458 4559 n—-n
465 4553 471 4559 .
487 4553 502 4559 .-
522 4553 594 4560 .......

498 4637 504 4670 ¹
526 4643 551 4692 ls
570 4648 628 4692 orat
647 4644 759 4694 fortasse
785 4640 916 4692 Martinus
942 4642 1005 4704 For,
1030 4641 1179 4693 issodieiuao
1202 4640 1295 4692 ‹loetor
1319 4646 1347 4691 st
1371 4639 1527 4692 msdsmlao

388 4730 567 4783 cracoviensis
586 4729 790 4798 proferremus}
809 4729 836 4782 ln
857 4729 1018 4798 sigismundi
1039 4729 1152 4798 aragaci
1178 4729 1242 4782 aula
1267 4728 1394 4798 astrologi
1416 4745 1527 4782 munero

389 4821 558 4890 fungebatur.
