4109 5767
571 746 606 780 us
625 746 719 783 sessu.
737 746 893 784 sunrruru
911 748 1063 786 siorsuounr
1081 750 1102 784 n
1122 750 1154 785 rr
1172 748 1353 787 cursurum.
1491 734 1537 800 65

1431 818 1535 841 ἐἶ’-,Ε

394 954 465 1001 rso.
497 936 749 1025 Augustumque
770 938 862 1003 Deus
885 937 997 1005 morbo
1020 939 1142 1005 fessum
1165 948 1197 1005 et
1219 960 1319 1027 prope
1342 939 1484 1005 fractam

498 1040 621 1107 Immiti
642 1064 762 1130 regem,
785 1043 840 1108 coi
863 1042 973 1109 debita
993 1041 1093 1130 longa
1115 1052 1274 1131 senectus,

495 1145 625 1235 Aspicit
646 1156 679 1212 et
699 1145 807 1213 reddit
829 1156 922 1213 notas
944 1148 980 1213 in
1003 1169 1137 1236 corpore
1158 1144 1254 1215 vires.

587 1252 713 1321 Ultima
734 1254 801 1319 iam
822 1253 937 1321 taedae
959 1264 992 1322 et
1012 1253 1098 1323 laeto
1121 1254 1179 1321 lux
1203 1255 1291 1323 dicta
1312 1254 1496 1347 hymenaeo

497 1360 649 1425 Venerat.
679 1360 767 1427 Here
790 1356 878 1426 orbis
899 1361 1000 1426 variis
1023 1360 1066 1427 de
1088 1361 1235 1449 partibus
1258 1360 1378 1428 adsunt

395 1484 465 1531 riu.
498 1466 591 1530 Missi
614 1476 757 1532 oratores
778 1476 811 1532 et
833 1476 955 1553 nuptae
977 1489 1114 1533 munera
1136 1476 1266 1556 portant

498 1572 720 1662 Augustoquc.
750 1573 858 1639 Patris
880 1573 945 1640 late
967 1575 1134 1662 regnantis
1159 1573 1244 1642 Iuli¹

497 1680 641 1747 Nuntius
663 1680 795 1748 advenit
817 1681 898 1747 iuris
921 1682 1079 1772 Maplrous
1102 1692 1134 1751 et
1157 1682 1252 1773 acqui

497 1787 683 1876 Consultus,
704 1789 829 1877 priscos
852 1799 1008 1856 memorat
1031 1791 1143 1878 quiin
1166 1802 1262 1879 gente
1285 1792 1440 1877 Quirites,

496 1895 593 1961 Unus
614 1894 667 1961 bis
689 1918 793 1981 senos,
816 1918 897 1983 quos
919 1895 999 1984 legit
1020 1896 1133 1983 Roma,
1156 1906 1307 1986 patronos

395 2021 465 2067 ruo.
497 2001 694 2067 Pontificum
716 2023 896 2090 regumque
917 2002 1003 2068 inter
1024 2002 1254 2069 celeberrimus
1276 2024 1398 2070 omnes.

498 2106 643 2173 Nuntius
666 2105 722 2173 hic
744 2108 846 2195 patris
868 2109 996 2193 summi,
1019 2107 1135 2176 dextra
1157 2108 1270 2177 inclita
1294 2110 1389 2176 cuius

498 2212 575 2279 Fert
597 2223 761 2301 sceptrum
783 2214 995 2303 omnipotens,
1018 2239 1082 2305 quo
1104 2226 1206 2283 terras
1229 2238 1314 2283 unas
1336 2224 1369 2283 et
1387 2217 1534 2283 aethram

498 2318 626 2387 Subicit
648 2321 792 2409 imperiis
814 2311 1065 2410 Acherontaquo
1087 2331 1185 2390 terret
1207 2332 1239 2390 et
1262 2323 1403 2410 umbras,

497 2427 604 2507 Quem
627 2449 726 2515 penos
749 2427 920 2494 arbitrium
942 2450 1061 2515 rerum,
1084 2430 1139 2495 cui
1160 2428 1295 2517 grandis
1318 2429 1453 2519 Olympi

394 2552 465 2598 rsa.
498 2533 652 2620 Ingentes
673 2556 817 2600 reserare
840 2533 953 2600 datum
975 2544 1079 2602 estet
1102 2534 1254 2603 claudere
1275 2543 1383 2623 postes

498 2637 542 2703 Et
563 2648 671 2703 sontes
693 2639 820 2705 animas
842 2640 956 2726 nigrae
977 2638 1134 2705 damnare
1156 2639 1332 2727 gehennae.
1433 2708 1435 2711 .

588 2744 631 2808 Et
653 2744 789 2811 Carolus
812 2766 925 2810 caesar
946 2743 1032 2810 bello
1054 2754 1087 2811 et
1109 2744 1300 2811 victricibus
1323 2748 1422 2813 armis

497 2846 644 2933 Inclitus,
668 2849 796 2915 excivit·
813 2871 909 2935 quem
932 2872 1027 2915 nemo
1049 2850 1182 2938 impune
1205 2851 1350 2938 quietum

498 2952 758 3042 Cunctatumque
780 2952 837 3019 ‹liu
860 2977 901 3021 ac
923 2956 1107 3021 venientem
1129 2954 1217 3021 baud
1241 2956 1378 3023 sustinet
1399 2954 1513 3044 hostie,

396 3079 465 3126 rso.
498 3060 588 3126 Misit
609 3060 753 3150 pictavia
774 3059 1009 3130 Guiliholmurn
1033 3084 1052 3131 e
1073 3070 1170 3151 gente
1192 3062 1382 3153 profectum,

497 3169 665 3258 Insignem
687 3169 806 3260 pietate
821 3171 936 3237 ‘virum
959 3169 1123 3261 fundoque
1146 3171 1311 3260 disertum,

497 3276 580 3366 Regi
602 3278 658 3367 qui
681 3278 833 3369 Augusto
854 3288 969 3368 pactae
992 3278 1133 3347 conubia
1154 3279 1260 3369 neptis

498 3385 625 3452 Felices
647 3408 775 3475 semper
796 3386 955 3453 thalamos
978 3388 1167 3475 faustusque
1188 3398 1347 3476 precetur.

586 3493 638 3559 Ac
653 3504 818 3582 proceres,
841 3516 979 3583 quorum
1002 3493 1145 3560 arbitriis
1168 3495 1300 3581 fastigia
1323 3512 1436 3561 mesor

395 3618 463 3664 ras.
497 3599 628 3686 Accipit
649 3600 777 3687 imperii
799 3610 833 3667 et
854 3609 1000 3688 sumptas
1023 3600 1087 3666 fert
1108 3598 1196 3667 orbis
1218 3600 1372 3685 habenas,

497 3705 666 3793 Miserunt,
688 3706 766 3793 regi·
781 3708 837 3794 qui
860 3708 968 3773 fausta
990 3716 1163 3795 precentur
1185 3707 1291 3773 arnico

497 3811 658 3899 Coniugia
680 3822 713 3878 et
734 3811 810 3878 laeti
833 3811 917 3879 laeto
940 3813 1091 3879 intersint
1112 3812 1302 3903 hymenaeo.

588 3919 859 4010 Hippolytusque,
881 3940 985 4007 genus
1007 3920 1116 4006 prisco
1138 3941 1158 3984 a
1180 3920 1324 3985 Taesone
1341 3919 1537 4006 profectum,

497 4026 595 4093 Olera
616 4025 741 4110 domus,
764 4048 883 4111 magno
905 4024 990 4091 duee
1012 4026 1131 4091 missus
1154 4023 1195 4089 ab
1220 4024 1385 4090 Hercule¹
1407 4025 1507 4109 venit,

394 4152 463 4199 rto.
497 4131 649 4216 Hercule,
672 4132 729 4218 qui
752 4130 889 4196 Eridani
912 4130 954 4195 ad
977 4131 1065 4218 ripas
1089 4140 1121 4196 et
1143 4151 1279 4195 amoena
1301 4128 1423 4195 fluenta

495 4236 611 4304 Italiae
633 4246 743 4303 custos
765 4236 856 4304 sedet
878 4246 976 4324 atque
996 4235 1182 4324 potentibus
1204 4235 1303 4300 armis

498 4346 615 4410 Hostes
637 4352 726 4410 arcet
749 4366 827 4431 agro
850 4342 1007 4432 sedesque
1030 4352 1139 4409 tuetur
1161 4342 1275 4427 evitas,

496 4451 657 4518 Assuetus
679 4473 744 4516 non
767 4450 827 4516 has
850 4450 965 4518 illasve
988 4448 1144 4517 accedere
1165 4456 1283 4537 partes,

387 4626 597 4637 ...u-...m—

497 4702 508 4735 ¹
526 4704 611 4755 lotias
629 4704 679 4767 111,
697 4701 817 4769 pontifex
834 4701 967 4753 maximus
985 4716 1028 4752 aa.
1048 4694 1235 4753 1550-1555.

496 4791 508 4823 ³
526 4789 885 4859 nominitamus:
894 4788 1026 4854 hunnis,
1035 4794 1091 4841 nat
1101 4802 1127 4840 a.
1137 4784 1217 4855 1508,
1226 4803 1282 4857 reg.
1294 4802 1336 4840 aa
1347 4782 1537 4927 15346-1569.

496 4888 610 4931 &mssa
621 4885 637 4928 i.
