4109 5767
685 975 830 1042 Oumve¹
851 977 944 1042 iuvat
965 987 1090 1064 pactus,
1103 969 1281 1061 'nunquam
1300 967 1470 1042 exorabile
1492 985 1614 1064 peetus,

686 1081 728 1148 Et
751 1079 862 1149 vultus
885 1083 1018 1149 tetricos
1041 1081 1280 1170 metuendaque
1301 1080 1422 1148 iudicia
1444 1103 1503 1149 ora

583 1209 653 1254 sss.
686 1189 830 1278 Sumere,
851 1189 1021 1273 terribiles,
1036 1188 1158 1275 oculos,
1179 1189 1340 1276 longeque
1362 1191 1533 1276 minantea

683 1293 719 1363 Si
742 1297 826 1384 potis
848 1296 1024 1364 indomitos
1046 1294 1183 1385 populos
1206 1295 1337 1363 frenare
1357 1296 1548 1386 premendo:

687 1402 752 1470 Seu
774 1425 949 1492 regnorum
973 1402 1052 1471 olim
1074 1402 1140 1470 late
1161 1403 1356 1492 moderator,
1379 1413 1416 1470 ut
1437 1403 1503 1470 illis

685 1509 729 1576 Et
751 1523 952 1598 promereat
974 1511 1070 1578 laxas
1092 1510 1199 1577 discat
1222 1511 1302 1578 dara
1322 1512 1432 1577 iussus
1453 1511 1608 1596 habenas,

578 1635 651 1682 suo.
685 1617 834 1684 Iustitiae
856 1617 966 1684 studio
987 1630 1020 1684 et
1042 1619 1125 1684 iuris
1147 1640 1183 1684 se
1204 1617 1359 1684 destinat:
1381 1617 1447 1704 ille,
1590 1621 1594 1630 '

684 1721 746 1789 Ille
767 1723 849 1789 mihi
870 1725 997 1791 Divum
1020 1725 1176 1811 auspiciis
1198 1735 1231 1790 et
1252 1725 1388 1790 numine
1409 1725 1524 1789 firmus

685 1829 845 1898 Praebeat
866 1841 1006 1898 attentas
1029 1832 1148 1897 animis
1170 1829 1361 1897 ardentibus
1384 1853 1488 1897 auras.

685 1937 875 2005 Monstrabo
898 1939 1094 2028 facilemque
1115 1939 1205 2007 viam
1227 1961 1350 2028 perque
1371 1938 1476 2004 ardua
1497 1947 1605 2004 tutum

685 2045 774 2115 Leve
795 2057 828 2114 et
849 2049 912 2114 iter
935 2047 1021 2115 sacri
1045 2047 1165 2135 templa
1187 2046 1230 2113 ad
1253 2048 1460 2114 sanctissima
1481 2046 1572 2133 iuris,

581 2173 652 2218 sus.
685 2154 808 2220 Debita
829 2157 981 2242 iustitiae,
1003 2155 1062 2221 dat
1083 2155 1141 2222 ubi
1163 2177 1223 2220 sua
1245 2165 1319 2220 tura
1342 2153 1496 2220 sacerdos

683 2259 842 2326 Astraeae
863 2269 897 2327 et
918 2259 983 2327 late
1005 2261 1138 2326 mantea
1161 2258 1280 2327 indicit
1300 2259 1448 2347 bonores,

683 2368 850 2456 Astraeae,
873 2367 995 2435 scelere
1017 2379 1051 2435 et
1073 2369 1160 2436 lerro
1182 2391 1267 2457 quae
1289 2367 1384 2459 pulsa
1405 2367 1584 2455 Gigantum

683 2473 772 2542 Olim
794 2475 906 2542 orbem
929 2477 1126 2543 invisum-
1139 2487 1288 2542 nostrum
1310 2473 1567 2542 scelus-alma
1581 2474 1720 2563 reliquit.

772 2581 856 2652 Cum
879 2582 1049 2674 vulgarum
1073 2583 1151 2649 olim
1181 2605 1316 2650 massana
1341 2605 1401 2673 por
1421 2581 1541 2673 oppida
1562 2581 1720 2670 linguam,

582 2713 651 2758 rao.
685 2689 793 2772 Quam
816 2692 998 2781 priscorum
1021 2691 1119 2759 bodio
1140 2713 1306 2782 perpauca
1326 2689 1494 2759 volumina
1516 2701 1657 2776 satutant,

684 2799 783 2865 Neris
805 2809 838 2866 et
860 2800 1041 2888 argolicum
1063 2799 1255 2889 praedivitis
1276 2800 1344 2865 oris
1365 2798 1521 2865 honorem

684 2905 872 2992 Addideris,
895 2929 1010 2994 campo
1033 2917 1067 2972 et
1088 2908 1271 2995 spatiabere
1293 2906 1376 2972 liber
1398 2916 1547 2992 utroque:

683 3011 898 3099 Disceptandi
921 3023 1024 3077 artem
1046 3050 1092 3062 -
1114 3013 1174 3077 tibi
1197 3034 1259 3077 neo
1281 3011 1470 3077 dissuadeat
1492 3032 1637 3096 unquam

684 3116 790 3203 Ullus,
814 3155 858 3166 —
881 3117 945 3204 adi,
967 3119 1100 3183 monitis
1122 3119 1150 3184 si
1172 3119 1349 3206 quicquam
1371 3116 1479 3183 crealis
1502 3117 1625 3180 amicis.

580 3243 650 3287 sss.
684 3223 768 3289 Inde
789 3224 948 3311 petendus
970 3227 1033 3291 erit
1055 3246 1165 3290 rerum
1187 3223 1427 3312 pulcherrimus
1450 3221 1538 3310 ordo,

684 3329 851 3418 Principio
873 3354 969 3419 quem
991 3330 1070 3396 olim
1092 3331 1347 3418 haudquaquam
1369 3330 1525 3396 didicisse
1542 3327 1675 3417 pigebit,

656 3479 658 3486 ·
684 3437 873 3527 Siquando
896 3439 993 3507 certis
1015 3441 1200 3530 quicquam,
1222 3439 1278 3529 qui
1300 3439 1461 3529 plurimus
1484 3460 1563 3504 usus

684 3548 724 3615 In
747 3550 828 3638 iure,
851 3549 1021 3618 ordinibus
1044 3560 1076 3618 te
1098 3549 1273 3639 digessisse
1295 3549 1422 3618 iuvabit

684 3659 913 3749 Cognatasque
935 3659 1025 3728 voles
1049 3661 1196 3748 cognatis
1218 3660 1354 3748 iungere
1376 3659 1483 3746 rebus,

579 3788 650 3833 ssu.
685 3768 758 3833 Nou
782 3767 941 3835 elementa
964 3768 1056 3856 sequi
1078 3768 1172 3834 deses
1195 3790 1381 3855 moremque
1403 3766 1545 3834 solutum

684 3877 793 3964 Atque
815 3876 940 3944 rudem.
970 3876 1082 3943 Rebus
1105 3886 1178 3966 post
1201 3875 1320 3942 dehinc
1342 3899 1400 3965 por
1423 3884 1539 3941 mutua
1560 3874 1664 3960 noxis,

684 3981 878 4049 Sermonum
901 3983 1100 4072 amplexus²,
1123 3985 1255 4050 sinuosa
1276 3981 1443 4050 volumino
1464 3981 1576 4069 uerba,

682 4090 821 4156 Discere
842 4090 913 4176 erit,
936 4091 1041 4176 primo
1064 4100 1097 4156 ot
1119 4112 1314 4178 cognoscere
1337 4088 1468 4177 singula
1491 4110 1578 4154 nexu

683 4193 773 4274 Quid
794 4193 935 4260 valeant.
965 4195 1060 4275 Quae
1081 4217 1162 4261 vera
1183 4193 1314 4259 illorum
1336 4204 1368 4260 et
1391 4204 1481 4260 certa
1503 4203 1654 4280 potestas,

579 4319 650 4364 sss.
685 4299 918 4377 Quaerendum
933 4299 1075 4385 tandem,
1097 4299 1184 4386 quod
1196 4308 1237 4384 te,
1259 4299 1346 4386 quod
1361 4321 1440 4386 prae
1454 4298 1606 4362 omnibus
1618 4319 1722 4362 unum

684 4402 813 4470 Suadeo
836 4406 954 4471 sectari
976 4407 1170 4493 penitusque
1192 4403 1359 4470 revolvere
1381 4405 1457 4469 totis

680 4509 817 4577 Viribus
839 4511 1010 4597 intentum,
1034 4511 1214 4599 studiisque
1237 4510 1423 4577 recentibus
1445 4532 1564 4576 acrem.

576 4679 784 4690 *-

685 4767 694 4798 ¹
714 4771 810 4838 lunga:
830 4807 836 4822 .
857 4807 864 4822 .
884 4777 933 4822 aut
950 4785 1011 4822 cum
1031 4804 1039 4819 .
1058 4806 1065 4821 .
1084 4807 1102 4838 .,
1121 4784 1216 4822 cumve
1236 4807 1242 4822 .
1263 4808 1270 4823 .
1290 4808 1297 4822 .

685 4856 696 4888 ⁸
718 4881 742 4903 -
767 4859 895 4912 oratlools
914 4867 1074 4924 structuras,
1093 4859 1223 4912 circuitus
1241 4860 1298 4911 siva
1317 4857 1447 4926 periodos.
