<?xml version="1.0" encoding="UTF-8"?>
<!DOCTYPE html PUBLIC "-//W3C//DTD XHTML 1.0 Transitional//EN"
    "http://www.w3.org/TR/xhtml1/DTD/xhtml1-transitional.dtd">
<html xmlns="http://www.w3.org/1999/xhtml" xml:lang="en" lang="en">
 <head>
  <title>
</title>
<meta http-equiv="Content-Type" content="text/html;charset=utf-8" />
  <meta name='ocr-system' content='tesseract 3.04.00' />
  <meta name='ocr-capabilities' content='ocr_page ocr_carea ocr_par ocr_line ocrx_word'/>
</head>
<body>
  <div class='ocr_page' id='page_1' title='image "./petriroyziimaur00morogoog_0809.png"; bbox 0 0 4109 5767; ppageno 0'>
   <div class='ocr_carea' id='block_1_1' title="bbox 1150 295 2473 361">
    <p class='ocr_par' dir='ltr' id='par_1_1' title="bbox 1150 295 2473 361">
     <span class='ocr_line' id='line_1_1' title="bbox 1150 295 2473 361; baseline 0.004 -17"><span class='ocrx_word' id='word_1_1' title='bbox 1150 295 1286 361; x_wconf 87' lang='lat'><strong>400</strong></span> <span class='ocrx_word' id='word_1_2' title='bbox 2106 313 2258 348; x_wconf 73' lang='lat' dir='ltr'><strong>mm</strong></span> <span class='ocrx_word' id='word_1_3' title='bbox 2299 314 2473 349; x_wconf 67' lang='lat' dir='ltr'><strong>nonu</strong></span> 
     </span>
    </p>
   </div>
   <div class='ocr_carea' id='block_1_2' title="bbox 2234 596 2359 662">
    <p class='ocr_par' dir='ltr' id='par_1_2' title="bbox 2234 596 2359 662">
     <span class='ocr_line' id='line_1_2' title="bbox 2234 596 2359 662; baseline 0.008 -1"><span class='ocrx_word' id='word_1_4' title='bbox 2234 596 2359 662; x_wconf 89' lang='lat' dir='ltr'><strong>III.</strong></span> 
     </span>
    </p>
   </div>
   <div class='ocr_carea' id='block_1_3' title="bbox 1251 719 3362 1343">
    <p class='ocr_par' dir='ltr' id='par_1_3' title="bbox 1251 719 3362 1343">
     <span class='ocr_line' id='line_1_3' title="bbox 1372 719 3362 814; baseline 0.003 -29"><span class='ocrx_word' id='word_1_5' title='bbox 1372 719 1503 787; x_wconf 77' lang='lat' dir='ltr'><strong>Hie</strong></span> <span class='ocrx_word' id='word_1_6' title='bbox 1550 721 1720 788; x_wconf 76' lang='lat' dir='ltr'><strong>iacet</strong></span> <span class='ocrx_word' id='word_1_7' title='bbox 1764 720 2069 810; x_wconf 81' lang='lat' dir='ltr'>Albinus,</span> <span class='ocrx_word' id='word_1_8' title='bbox 2115 724 2225 812; x_wconf 88' lang='lat' dir='ltr'><strong>qui</strong></span> <span class='ocrx_word' id='word_1_9' title='bbox 2276 722 2433 789; x_wconf 88' lang='lat' dir='ltr'><strong>dum</strong></span> <span class='ocrx_word' id='word_1_10' title='bbox 2479 722 2654 790; x_wconf 86' lang='lat' dir='ltr'><strong>mala</strong></span> <span class='ocrx_word' id='word_1_11' title='bbox 2700 722 3051 814; x_wconf 80' lang='lat' dir='ltr'><strong>pharmaca</strong></span> <span class='ocrx_word' id='word_1_12' title='bbox 3097 723 3362 807; x_wconf 76' lang='lat' dir='ltr'><strong>miseet3</strong></span> 
     </span>
     <span class='ocr_line' id='line_1_4' title="bbox 1475 828 2846 900; baseline 0.001 -2"><span class='ocrx_word' id='word_1_13' title='bbox 1475 828 1742 898; x_wconf 80' lang='lat' dir='ltr'><strong>Occidit</strong></span> <span class='ocrx_word' id='word_1_14' title='bbox 1784 830 2082 898; x_wconf 76' lang='lat' dir='ltr'><strong>medicus</strong></span> <span class='ocrx_word' id='word_1_15' title='bbox 2128 831 2310 898; x_wconf 83' lang='lat' dir='ltr'><strong>milia</strong></span> <span class='ocrx_word' id='word_1_16' title='bbox 2355 832 2562 899; x_wconf 86' lang='lat' dir='ltr'><strong>multa</strong></span> <span class='ocrx_word' id='word_1_17' title='bbox 2606 833 2846 900; x_wconf 85' lang='lat' dir='ltr'><strong>virum.</strong></span> 
     </span>
     <span class='ocr_line' id='line_1_5' title="bbox 1367 937 3002 1029; baseline 0 -23"><span class='ocrx_word' id='word_1_18' title='bbox 1367 937 1742 1006; x_wconf 82' lang='lat' dir='ltr'><strong>Condendis</strong></span> <span class='ocrx_word' id='word_1_19' title='bbox 1789 950 1983 1027; x_wconf 84' lang='lat' dir='ltr'><strong>terra,</strong></span> <span class='ocrx_word' id='word_1_20' title='bbox 2028 964 2191 1029; x_wconf 85' lang='lat' dir='ltr'><strong>quos</strong></span> <span class='ocrx_word' id='word_1_21' title='bbox 2237 940 2348 1007; x_wconf 89' lang='lat' dir='ltr'><strong>ille</strong></span> <span class='ocrx_word' id='word_1_22' title='bbox 2393 940 2740 1027; x_wconf 78' lang='lat' dir='ltr'><strong>occiderat,</strong></span> <span class='ocrx_word' id='word_1_23' title='bbox 2787 943 3002 1029; x_wconf 79' lang='lat' dir='ltr'>aegris</span> 
     </span>
     <span class='ocr_line' id='line_1_6' title="bbox 1477 1046 2983 1133; baseline 0.003 -24"><span class='ocrx_word' id='word_1_24' title='bbox 1477 1046 1788 1111; x_wconf 85' lang='lat' dir='ltr'><strong>Fossores</strong></span> <span class='ocrx_word' id='word_1_25' title='bbox 1834 1056 2133 1133; x_wconf 82' lang='lat' dir='ltr'><strong>poterant</strong></span> <span class='ocrx_word' id='word_1_26' title='bbox 2179 1048 2295 1112; x_wconf 85' lang='lat' dir='ltr'><strong>vix</strong></span> <span class='ocrx_word' id='word_1_27' title='bbox 2343 1048 2501 1113; x_wconf 84' lang='lat' dir='ltr'><strong>satis</strong></span> <span class='ocrx_word' id='word_1_28' title='bbox 2547 1071 2690 1114; x_wconf 87' lang='lat' dir='ltr'><strong>esse</strong></span> <span class='ocrx_word' id='word_1_29' title='bbox 2735 1049 2983 1114; x_wconf 80' lang='lat' dir='ltr'><strong>decem.</strong></span> 
     </span>
     <span class='ocr_line' id='line_1_7' title="bbox 1251 1149 3230 1240; baseline 0.002 -26"><span class='ocrx_word' id='word_1_30' title='bbox 1251 1172 1305 1215; x_wconf 75' lang='grc' dir='ltr'><strong>ο.</strong></span> <span class='ocrx_word' id='word_1_31' title='bbox 1368 1149 1661 1215; x_wconf 76' lang='lat' dir='ltr'><strong>Abstulit</strong></span> <span class='ocrx_word' id='word_1_32' title='bbox 1705 1150 1883 1216; x_wconf 81' lang='lat' dir='ltr'><strong>huno</strong></span> <span class='ocrx_word' id='word_1_33' title='bbox 1929 1172 2048 1216; x_wconf 83' lang='lat' dir='ltr'><strong>cur</strong></span> <span class='ocrx_word' id='word_1_34' title='bbox 2094 1174 2287 1237; x_wconf 73' lang='lat' dir='ltr'><strong>more,</strong></span> <span class='ocrx_word' id='word_1_35' title='bbox 2333 1175 2608 1240; x_wconf 76' lang='lat' dir='ltr'><strong>quaeras</strong></span> <span class='ocrx_word' id='word_1_36' title='bbox 2656 1153 2932 1219; x_wconf 83' lang='lat' dir='ltr'><strong>fortasse</strong></span> <span class='ocrx_word' id='word_1_37' title='bbox 2972 1153 3230 1219; x_wconf 78' lang='lat' dir='ltr'><strong>viator?</strong></span> 
     </span>
     <span class='ocr_line' id='line_1_8' title="bbox 1475 1254 2737 1343; baseline 0.003 -24"><span class='ocrx_word' id='word_1_38' title='bbox 1475 1254 1599 1321; x_wconf 86' lang='lat' dir='ltr'><strong>Ille</strong></span> <span class='ocrx_word' id='word_1_39' title='bbox 1644 1257 1828 1343; x_wconf 89' lang='lat' dir='ltr'><strong>prius</strong></span> <span class='ocrx_word' id='word_1_40' title='bbox 1872 1258 2066 1321; x_wconf 88' lang='lat' dir='ltr'><strong>morti</strong></span> <span class='ocrx_word' id='word_1_41' title='bbox 2117 1257 2382 1323; x_wconf 76' lang='lat' dir='ltr'><strong>sustulit</strong></span> <span class='ocrx_word' id='word_1_42' title='bbox 2427 1259 2737 1324; x_wconf 78' lang='lat' dir='ltr'><strong>officium.</strong></span> 
     </span>
    </p>
   </div>
   <div class='ocr_carea' id='block_1_4' title="bbox 2099 1473 2510 1482">
    <p class='ocr_par' dir='ltr' id='par_1_4' title="bbox 2099 1473 2510 1482">
     <span class='ocr_line' id='line_1_9' title="bbox 2099 1473 2510 1482; baseline 0 0"><span class='ocrx_word' id='word_1_43' title='bbox 2099 1473 2510 1482; x_wconf 95' lang='lat' dir='ltr'><strong> </strong></span> 
     </span>
    </p>
   </div>
   <div class='ocr_carea' id='block_1_5' title="bbox 1720 1698 2883 1972">
    <p class='ocr_par' dir='ltr' id='par_1_5' title="bbox 1720 1698 2883 1972">
     <span class='ocr_line' id='line_1_10' title="bbox 2265 1698 2327 1762; baseline -0.016 0"><span class='ocrx_word' id='word_1_44' title='bbox 2265 1698 2327 1762; x_wconf 80' lang='lat'><strong>2.</strong></span> 
     </span>
     <span class='ocr_line' id='line_1_11' title="bbox 1720 1892 2883 1972; baseline 0.001 -17"><span class='ocrx_word' id='word_1_45' title='bbox 1720 1893 2169 1972; x_wconf 83' lang='lat' dir='ltr'><strong>Epitaphium</strong></span> <span class='ocrx_word' id='word_1_46' title='bbox 2218 1893 2495 1956; x_wconf 85' lang='lat' dir='ltr'><strong>cuidam</strong></span> <span class='ocrx_word' id='word_1_47' title='bbox 2542 1892 2817 1955; x_wconf 82' lang='lat' dir='ltr'><strong>medico</strong></span> <span class='ocrx_word' id='word_1_48' title='bbox 2841 1896 2883 1956; x_wconf 85' lang='lat'><strong>¹.</strong></span> 
     </span>
    </p>
   </div>
   <div class='ocr_carea' id='block_1_6' title="bbox 1374 2068 3080 2265">
    <p class='ocr_par' dir='ltr' id='par_1_6' title="bbox 1374 2068 3080 2265">
     <span class='ocr_line' id='line_1_12' title="bbox 1374 2068 3080 2155; baseline -0.001 -20"><span class='ocrx_word' id='word_1_49' title='bbox 1374 2070 1502 2135; x_wconf 83' lang='lat' dir='ltr'><strong>Hie</strong></span> <span class='ocrx_word' id='word_1_50' title='bbox 1549 2070 1713 2135; x_wconf 82' lang='lat' dir='ltr'><strong>situs</strong></span> <span class='ocrx_word' id='word_1_51' title='bbox 1759 2079 1858 2137; x_wconf 85' lang='lat' dir='ltr'><strong>est</strong></span> <span class='ocrx_word' id='word_1_52' title='bbox 1904 2069 2218 2155; x_wconf 78' lang='lat' dir='ltr'><strong>medicus,</strong></span> <span class='ocrx_word' id='word_1_53' title='bbox 2266 2069 2455 2135; x_wconf 83' lang='lat' dir='ltr'><strong>cuius</strong></span> <span class='ocrx_word' id='word_1_54' title='bbox 2502 2080 2764 2136; x_wconf 86' lang='lat' dir='ltr'><strong>servata</strong></span> <span class='ocrx_word' id='word_1_55' title='bbox 2808 2068 3080 2137; x_wconf 88' lang='lat' dir='ltr'><strong>medelis</strong></span> 
     </span>
     <span class='ocr_line' id='line_1_13' title="bbox 1475 2176 2990 2265; baseline -0.001 -21"><span class='ocrx_word' id='word_1_56' title='bbox 1475 2177 1622 2244; x_wconf 82' lang='lat' dir='ltr'><strong>Ne²</strong></span> <span class='ocrx_word' id='word_1_57' title='bbox 1666 2200 1895 2245; x_wconf 79' lang='lat' dir='ltr'><strong>musea</strong></span> <span class='ocrx_word' id='word_1_58' title='bbox 1940 2189 2056 2265; x_wconf 87' lang='lat' dir='ltr'><strong>est,</strong></span> <span class='ocrx_word' id='word_1_59' title='bbox 2103 2177 2291 2244; x_wconf 88' lang='lat' dir='ltr'><strong>multi</strong></span> <span class='ocrx_word' id='word_1_60' title='bbox 2339 2176 2454 2244; x_wconf 86' lang='lat' dir='ltr'><strong>sed</strong></span> <span class='ocrx_word' id='word_1_61' title='bbox 2502 2176 2801 2244; x_wconf 77' lang='lat' dir='ltr'><strong>cecidere</strong></span> <span class='ocrx_word' id='word_1_62' title='bbox 2848 2178 2990 2243; x_wconf 86' lang='lat' dir='ltr'><strong>viri.</strong></span> 
     </span>
    </p>
   </div>
   <div class='ocr_carea' id='block_1_7' title="bbox 2096 2392 2505 2404">
    <p class='ocr_par' dir='ltr' id='par_1_7' title="bbox 2096 2392 2505 2404">
     <span class='ocr_line' id='line_1_14' title="bbox 2096 2392 2505 2404; baseline 0 3363"><span class='ocrx_word' id='word_1_63' title='bbox 2096 2392 2505 2404; x_wconf 95' lang='lat' dir='ltr'><strong> </strong></span> 
     </span>
    </p>
   </div>
   <div class='ocr_carea' id='block_1_8' title="bbox 1870 2617 2712 2893">
    <p class='ocr_par' dir='ltr' id='par_1_8' title="bbox 1870 2617 2712 2893">
     <span class='ocr_line' id='line_1_15' title="bbox 2272 2617 2424 2713; baseline -0.007 -32"><span class='ocrx_word' id='word_1_64' title='bbox 2272 2617 2332 2681; x_wconf 86' lang='lat'><strong>3.</strong></span> <span class='ocrx_word' id='word_1_65' title='bbox 2415 2702 2424 2713; x_wconf 28' lang='grc' dir='ltr'>ι</span> 
     </span>
     <span class='ocr_line' id='line_1_16' title="bbox 1870 2813 2712 2893; baseline 0 -18"><span class='ocrx_word' id='word_1_66' title='bbox 1870 2813 2319 2893; x_wconf 80' lang='lat' dir='ltr'><strong>Epitaphium</strong></span> <span class='ocrx_word' id='word_1_67' title='bbox 2366 2814 2644 2876; x_wconf 81' lang='lat' dir='ltr'><strong>Arcadii</strong></span> <span class='ocrx_word' id='word_1_68' title='bbox 2666 2814 2712 2875; x_wconf 79' lang='lat'><strong>⁸.</strong></span> 
     </span>
    </p>
   </div>
   <div class='ocr_carea' id='block_1_9' title="bbox 1209 2988 3277 4050">
    <p class='ocr_par' dir='ltr' id='par_1_9' title="bbox 1209 2988 3277 4050">
     <span class='ocr_line' id='line_1_17' title="bbox 1373 2988 3013 3081; baseline 0 -27"><span class='ocrx_word' id='word_1_69' title='bbox 1373 2988 1502 3055; x_wconf 84' lang='lat' dir='ltr'><strong>Hie</strong></span> <span class='ocrx_word' id='word_1_70' title='bbox 1550 2989 1722 3055; x_wconf 79' lang='lat' dir='ltr'><strong>iacet</strong></span> <span class='ocrx_word' id='word_1_71' title='bbox 1765 2988 2116 3078; x_wconf 76' lang='lat' dir='ltr'><strong>Arcadius,</strong></span> <span class='ocrx_word' id='word_1_72' title='bbox 2162 2988 2400 3056; x_wconf 84' lang='lat' dir='ltr'><strong>stellati</strong></span> <span class='ocrx_word' id='word_1_73' title='bbox 2447 2988 2678 3056; x_wconf 79' lang='lat' dir='ltr'><strong>doctus</strong></span> <span class='ocrx_word' id='word_1_74' title='bbox 2726 2988 3013 3081; x_wconf 84' lang='lat' dir='ltr'><strong>Olympi,</strong></span> 
     </span>
     <span class='ocr_line' id='line_1_18' title="bbox 1475 3097 3103 3188; baseline -0.002 -22"><span class='ocrx_word' id='word_1_75' title='bbox 1475 3098 1607 3181; x_wconf 80' lang='lat' dir='ltr'><strong>Qui</strong></span> <span class='ocrx_word' id='word_1_76' title='bbox 1656 3098 1910 3166; x_wconf 79' lang='lat' dir='ltr'><strong>eaelum</strong></span> <span class='ocrx_word' id='word_1_77' title='bbox 1958 3100 2028 3164; x_wconf 87' lang='lat' dir='ltr'><strong>in</strong></span> <span class='ocrx_word' id='word_1_78' title='bbox 2075 3099 2379 3166; x_wconf 87' lang='lat' dir='ltr'><strong>manibus</strong></span> <span class='ocrx_word' id='word_1_79' title='bbox 2423 3100 2494 3164; x_wconf 90' lang='lat' dir='ltr'><strong>in</strong></span> <span class='ocrx_word' id='word_1_80' title='bbox 2541 3098 2893 3188; x_wconf 83' lang='lat' dir='ltr'><strong>digitisque</strong></span> <span class='ocrx_word' id='word_1_81' title='bbox 2937 3097 3103 3164; x_wconf 90' lang='lat' dir='ltr'><strong>tulit.</strong></span> 
     </span>
     <span class='ocr_line' id='line_1_19' title="bbox 1366 3205 3113 3296; baseline -0.001 -23"><span class='ocrx_word' id='word_1_82' title='bbox 1366 3206 1508 3294; x_wconf 86' lang='lat' dir='ltr'><strong>Ille,</strong></span> <span class='ocrx_word' id='word_1_83' title='bbox 1552 3207 1737 3273; x_wconf 83' lang='lat' dir='ltr'><strong>vieos</strong></span> <span class='ocrx_word' id='word_1_84' title='bbox 1784 3205 1949 3273; x_wconf 76' lang='lat' dir='ltr'><strong>caeli</strong></span> <span class='ocrx_word' id='word_1_85' title='bbox 1997 3217 2375 3295; x_wconf 81' lang='lat' dir='ltr'><strong>tractusque</strong></span> <span class='ocrx_word' id='word_1_86' title='bbox 2400 3207 2751 3296; x_wconf 81' lang='lat' dir='ltr'><strong>professus</strong></span> <span class='ocrx_word' id='word_1_87' title='bbox 2797 3218 2862 3273; x_wconf 89' lang='lat' dir='ltr'><strong>et</strong></span> <span class='ocrx_word' id='word_1_88' title='bbox 2906 3205 3113 3291; x_wconf 82' lang='lat' dir='ltr'><strong>orbes,</strong></span> 
     </span>
     <span class='ocr_line' id='line_1_20' title="bbox 1475 3312 3196 3403; baseline -0.001 -25"><span class='ocrx_word' id='word_1_89' title='bbox 1475 3314 1808 3403; x_wconf 75' lang='lat' dir='ltr'><strong>Quicquid</strong></span> <span class='ocrx_word' id='word_1_90' title='bbox 1856 3324 1919 3381; x_wconf 87' lang='lat' dir='ltr'><strong>et</strong></span> <span class='ocrx_word' id='word_1_91' title='bbox 1965 3326 2146 3380; x_wconf 84' lang='lat' dir='ltr'><strong>astra</strong></span> <span class='ocrx_word' id='word_1_92' title='bbox 2192 3315 2432 3401; x_wconf 85' lang='lat' dir='ltr'><strong>valent,</strong></span> <span class='ocrx_word' id='word_1_93' title='bbox 2479 3314 2808 3381; x_wconf 81' lang='lat' dir='ltr'><strong>Arcadius</strong></span> <span class='ocrx_word' id='word_1_94' title='bbox 2854 3315 3023 3379; x_wconf 82' lang='lat' dir='ltr'><strong>iacet</strong></span> <span class='ocrx_word' id='word_1_95' title='bbox 3051 3312 3196 3378; x_wconf 77' lang='lat' dir='ltr'><strong>hie.</strong></span> 
     </span>
     <span class='ocr_line' id='line_1_21' title="bbox 1250 3405 3087 3511; baseline 0.001 -25"><span class='ocrx_word' id='word_1_96' title='bbox 1250 3443 1303 3487; x_wconf 84' lang='lat'><strong>5.</strong></span> <span class='ocrx_word' id='word_1_97' title='bbox 1366 3421 1497 3488; x_wconf 79' lang='lat' dir='ltr'><strong>Hie</strong></span> <span class='ocrx_word' id='word_1_98' title='bbox 1543 3443 1779 3511; x_wconf 77' lang='lat' dir='ltr'><strong>eorpus</strong></span> <span class='ocrx_word' id='word_1_99' title='bbox 1824 3422 1996 3489; x_wconf 77' lang='lat' dir='ltr'><strong>iacet</strong></span> <span class='ocrx_word' id='word_1_100' title='bbox 2042 3422 2292 3509; x_wconf 84' lang='lat' dir='ltr'><strong>infelix,</strong></span> <span class='ocrx_word' id='word_1_101' title='bbox 2339 3423 2624 3488; x_wconf 86' lang='lat' dir='ltr'><strong>animam</strong></span> <span class='ocrx_word' id='word_1_102' title='bbox 2653 3405 2891 3488; x_wconf 69' lang='lat' dir='ltr'><strong>&#39;intulit</strong></span> <span class='ocrx_word' id='word_1_103' title='bbox 2936 3442 3087 3487; x_wconf 78' lang='lat' dir='ltr'><strong>oreo</strong></span> 
     </span>
     <span class='ocr_line' id='line_1_22' title="bbox 1477 3529 2851 3618; baseline -0.001 -22"><span class='ocrx_word' id='word_1_104' title='bbox 1477 3530 1801 3618; x_wconf 85' lang='lat' dir='ltr'><strong>Indignus</strong></span> <span class='ocrx_word' id='word_1_105' title='bbox 1847 3554 2059 3617; x_wconf 80' lang='lat' dir='ltr'><strong>casus,</strong></span> <span class='ocrx_word' id='word_1_106' title='bbox 2107 3531 2462 3618; x_wconf 79' lang='lat' dir='ltr'><strong>dignusat</strong></span> <span class='ocrx_word' id='word_1_107' title='bbox 2507 3529 2851 3618; x_wconf 78' lang='lat' dir='ltr'><strong>astrologo,</strong></span> 
     </span>
     <span class='ocr_line' id='line_1_23' title="bbox 1369 3632 3277 3726; baseline -0.003 -20"><span class='ocrx_word' id='word_1_108' title='bbox 1369 3637 1539 3706; x_wconf 84' lang='lat' dir='ltr'><strong>Cum</strong></span> <span class='ocrx_word' id='word_1_109' title='bbox 1584 3640 1866 3705; x_wconf 86' lang='lat' dir='ltr'><strong>moriens</strong></span> <span class='ocrx_word' id='word_1_110' title='bbox 1911 3649 2130 3726; x_wconf 77' lang='lat' dir='ltr'><strong>petere</strong></span> <span class='ocrx_word' id='word_1_111' title='bbox 2175 3638 2555 3725; x_wconf 82' lang='lat' dir='ltr'><strong>aggreditur</strong></span> <span class='ocrx_word' id='word_1_112' title='bbox 2602 3638 2771 3703; x_wconf 84' lang='lat' dir='ltr'><strong>duee</strong></span> <span class='ocrx_word' id='word_1_113' title='bbox 2815 3636 3032 3702; x_wconf 84' lang='lat' dir='ltr'><strong>sidera</strong></span> <span class='ocrx_word' id='word_1_114' title='bbox 3076 3632 3277 3719; x_wconf 79' lang='lat' dir='ltr'><strong>nulle,</strong></span> 
     </span>
     <span class='ocr_line' id='line_1_24' title="bbox 1475 3743 2753 3831; baseline -0.002 -22"><span class='ocrx_word' id='word_1_115' title='bbox 1475 3745 1642 3810; x_wconf 85' lang='lat' dir='ltr'><strong>Esse</strong></span> <span class='ocrx_word' id='word_1_116' title='bbox 1687 3745 1812 3810; x_wconf 87' lang='lat' dir='ltr'><strong>sibi</strong></span> <span class='ocrx_word' id='word_1_117' title='bbox 1860 3754 2047 3810; x_wconf 87' lang='lat' dir='ltr'><strong>notas</strong></span> <span class='ocrx_word' id='word_1_118' title='bbox 2094 3756 2159 3810; x_wconf 89' lang='lat' dir='ltr'><strong>et</strong></span> <span class='ocrx_word' id='word_1_119' title='bbox 2203 3755 2388 3831; x_wconf 85' lang='lat' dir='ltr'><strong>putat</strong></span> <span class='ocrx_word' id='word_1_120' title='bbox 2435 3743 2544 3810; x_wconf 87' lang='lat' dir='ltr'><strong>ille</strong></span> <span class='ocrx_word' id='word_1_121' title='bbox 2591 3745 2753 3821; x_wconf 83' lang='lat' dir='ltr'><strong>vias,</strong></span> 
     </span>
     <span class='ocr_line' id='line_1_25' title="bbox 1367 3848 3047 3918; baseline -0.001 -2"><span class='ocrx_word' id='word_1_122' title='bbox 1367 3849 1613 3917; x_wconf 84' lang='lat' dir='ltr'><strong>Infelix</strong></span> <span class='ocrx_word' id='word_1_123' title='bbox 1658 3853 1877 3917; x_wconf 86' lang='lat' dir='ltr'><strong>anima</strong></span> <span class='ocrx_word' id='word_1_124' title='bbox 1922 3850 2255 3918; x_wconf 83' lang='lat' dir='ltr'><strong>aethereas</strong></span> <span class='ocrx_word' id='word_1_125' title='bbox 2303 3851 2461 3917; x_wconf 87' lang='lat' dir='ltr'><strong>dum</strong></span> <span class='ocrx_word' id='word_1_126' title='bbox 2508 3850 2715 3917; x_wconf 84' lang='lat' dir='ltr'><strong>credit</strong></span> <span class='ocrx_word' id='word_1_127' title='bbox 2765 3848 2849 3916; x_wconf 85' lang='lat' dir='ltr'><strong>ad</strong></span> <span class='ocrx_word' id='word_1_128' title='bbox 2896 3872 3047 3915; x_wconf 84' lang='lat' dir='ltr'><strong>oras</strong></span> 
     </span>
     <span class='ocr_line' id='line_1_26' title="bbox 1209 3957 2927 4050; baseline 0.001 -28"><span class='ocrx_word' id='word_1_129' title='bbox 1209 3982 1297 4025; x_wconf 78' lang='lat' dir='ltr'><strong>lc.</strong></span> <span class='ocrx_word' id='word_1_130' title='bbox 1474 3959 1599 4045; x_wconf 82' lang='lat' dir='ltr'><strong>Ire,</strong></span> <span class='ocrx_word' id='word_1_131' title='bbox 1645 3965 1787 4025; x_wconf 78' lang='lat' dir='ltr'><strong>est⁴</strong></span> <span class='ocrx_word' id='word_1_132' title='bbox 1833 3960 1900 4025; x_wconf 89' lang='lat' dir='ltr'><strong>in</strong></span> <span class='ocrx_word' id='word_1_133' title='bbox 1948 3960 2201 4050; x_wconf 88' lang='lat' dir='ltr'><strong>stygios</strong></span> <span class='ocrx_word' id='word_1_134' title='bbox 2247 3960 2673 4048; x_wconf 79' lang='lat' dir='ltr'><strong>praecipitata</strong></span> <span class='ocrx_word' id='word_1_135' title='bbox 2721 3957 2927 4024; x_wconf 79' lang='lat' dir='ltr'><strong>lacus.</strong></span> 
     </span>
    </p>
   </div>
   <div class='ocr_carea' id='block_1_10' title="bbox 1367 4128 2159 4463">
    <p class='ocr_par' dir='ltr' id='par_1_10' title="bbox 1367 4128 2159 4463">
     <span class='ocr_line' id='line_1_27' title="bbox 1373 4128 2141 4184; baseline 0.001 -3"><span class='ocrx_word' id='word_1_136' title='bbox 1373 4130 1390 4160; x_wconf 87' lang='lat'><em>¹</em></span> <span class='ocrx_word' id='word_1_137' title='bbox 1428 4133 1544 4183; x_wconf 79' lang='lat' dir='ltr'><strong>Oss.</strong></span> <span class='ocrx_word' id='word_1_138' title='bbox 1586 4128 1687 4183; x_wconf 75' lang='lat'><strong>141</strong></span> <span class='ocrx_word' id='word_1_139' title='bbox 1737 4153 1786 4175; x_wconf 83' lang='grc' dir='ltr'><strong>ι-</strong></span> <span class='ocrx_word' id='word_1_140' title='bbox 1835 4147 1978 4183; x_wconf 83' lang='lat' dir='ltr'><strong>corn.</strong></span> <span class='ocrx_word' id='word_1_141' title='bbox 2017 4130 2141 4184; x_wconf 78' lang='lat'><strong>257.</strong></span> 
     </span>
     <span class='ocr_line' id='line_1_28' title="bbox 1368 4219 2159 4288; baseline 0.001 -16"><span class='ocrx_word' id='word_1_142' title='bbox 1368 4219 1390 4250; x_wconf 75' lang='lat'>⁸</span> <span class='ocrx_word' id='word_1_143' title='bbox 1427 4222 1577 4273; x_wconf 80' lang='lat' dir='ltr'><strong>Conf.</strong></span> <span class='ocrx_word' id='word_1_144' title='bbox 1618 4238 1705 4288; x_wconf 64' lang='grc' dir='ltr'><strong>με.</strong></span> <span class='ocrx_word' id='word_1_145' title='bbox 1743 4219 1850 4273; x_wconf 84' lang='grc'><strong>893</strong></span> <span class='ocrx_word' id='word_1_146' title='bbox 1888 4222 2067 4272; x_wconf 77' lang='lat' dir='ltr'><strong>adnot.</strong></span> <span class='ocrx_word' id='word_1_147' title='bbox 2108 4221 2159 4273; x_wconf 79' lang='lat'><strong>2.</strong></span> 
     </span>
     <span class='ocr_line' id='line_1_29' title="bbox 1371 4308 1712 4362; baseline -0.003 -1"><span class='ocrx_word' id='word_1_148' title='bbox 1371 4308 1392 4339; x_wconf 83' lang='lat'>⁸</span> <span class='ocrx_word' id='word_1_149' title='bbox 1429 4311 1584 4362; x_wconf 89' lang='lat' dir='ltr'><strong>Corn.</strong></span> <span class='ocrx_word' id='word_1_150' title='bbox 1625 4309 1712 4362; x_wconf 87' lang='grc'><strong>71.</strong></span> 
     </span>
     <span class='ocr_line' id='line_1_30' title="bbox 1367 4398 1704 4463; baseline 0 -14"><span class='ocrx_word' id='word_1_151' title='bbox 1367 4398 1390 4427; x_wconf 79' lang='lat'><strong>⁴</strong></span> <span class='ocrx_word' id='word_1_152' title='bbox 1427 4414 1522 4449; x_wconf 78' lang='lat' dir='ltr'><strong>ms.</strong></span> <span class='ocrx_word' id='word_1_153' title='bbox 1566 4402 1704 4463; x_wconf 81' lang='lat' dir='ltr'><strong>„et“.</strong></span> 
     </span>
    </p>
   </div>
   <div class='ocr_carea' id='block_1_11' title="bbox 1824 5122 3974 5764">
    <p class='ocr_par' dir='ltr' id='par_1_11' title="bbox 1824 5122 3974 5764">
     <span class='ocr_line' id='line_1_31' title="bbox 1824 5122 3974 5764; baseline 0 3"><span class='ocrx_word' id='word_1_154' title='bbox 1824 5122 3974 5764; x_wconf 95' lang='lat' dir='ltr'><strong> </strong></span> 
     </span>
    </p>
   </div>
  </div>
 </body>
</html>
