4109 5767
867 699 902 734 se
920 698 1034 736 cuseos
1052 698 1181 734 romeos..
1532 681 1614 750 2151

562 892 738 981 Tertieque
760 892 893 978 eoeessi,
916 891 994 959 hine
1016 902 1115 982 eaput
1137 893 1173 958 in
1196 892 1374 961 eertumine
1394 892 1507 983 perdo:

617 1001 788 1090 Auetuque
810 1023 848 1067 eo
871 999 960 1068 feetu
981 1010 1032 1068 est
1055 1001 1244 1068 osesuriuns
1267 1001 1387 1092 biceps.

503 1131 530 1174 e.
561 1108 625 1174 Illo
647 1109 737 1175 Iovis
759 1116 883 1197 regunt.
912 1107 1063 1176 Clemens
1087 1132 1139 1176 me
1161 1109 1309 1198 Iuppiter
1331 1131 1412 1176 suso

616 1213 782 1282 Illustrem
805 1214 932 1281 stellam
954 1215 1050 1280 iussit
1071 1213 1193 1281 hebere
1215 1225 1322 1303 osput.

1000 1723 1054 1787 45.

660 1863 679 1900 *
702 1862 757 1929 Ad
780 1863 1080 1932 AUGUSTINUM
1103 1863 1390 1931 ΒΟἸἮΝΙΗΙΜ.1

999 2022 1049 2087 μ

900 2167 930 2218 Iu
950 2164 1066 2234 effigiem
1087 2165 1151 2218 eius.

563 2272 656 2339 liuoo
678 2272 863 2360 Augustini,
886 2296 983 2362 quum
1007 2272 1124 2360 uernis,
1147 2272 1255 2360 imago
1279 2270 1425 2340 Rotundi
1447 2279 1516 2356 est3

617 2379 714 2448 Adde
737 2404 873 2469 comum,
896 2380 1031 2448 barbam
1055 2379 1188 2447 domito:
1212 2379 1361 2447 l’hoebus
1384 2383 1487 2445 ernt⁸

561 2489 832 2578 Ingeniumque
853 2498 944 2578 purte
968 2488 1057 2556 velet
1080 2489 1184 2578 magis
1206 2488 1277 2576 iste,
1298 2487 1461 2576 requiris?

614 2596 755 2661 Tantum
778 2619 844 2662 uon
865 2597 971 2684 potuit
993 2597 1127 2685 pingere
1150 2598 1255 2686 pietur
1277 2619 1367 2684 opus.

817 2789 851 2839 in
875 2798 1023 2840 stemma
1048 2787 1242 2841 eiusdem.⁴

1003 2910 1047 2976 II.
1159 2903 1163 2912 ’

561 3033 648 3101 Albo
670 3034 853 3124 voluptates
875 3045 908 3102 et
930 3034 1064 3102 srundis
1087 3033 1257 3103 eommoda
1278 3036 1375 3103 terris

614 3141 760 3207 Maxime
783 3142 969 3209 vomeribus
992 3141 1050 3209 det
1071 3164 1146 3208 ross
1169 3143 1284 3210 iunets
1305 3142 1420 3208 tribus.

563 3334 755 3402 ¹Augustinus
774 3334 912 3387 Rotundus
937 3335 994 3387 sive
1019 3336 1185 3402 Augustinus
1214 3335 1340 3390 Mieleeki
1365 3334 1504 3401 (Mielicki,
1528 3334 1597 3388 tue·

452 3422 531 3487 leski,
551 3422 702 3490 Milewski),
727 3423 920 3488 Orwoviensin
945 3423 1011 3474 iuris
1036 3423 1173 3490 utriusque
1198 3423 1298 3486 doctor,
1317 3423 1432 3490 primum
1450 3422 1596 3475 menevia

453 3517 610 3576 precentor
621 3527 763 3564 eeussrum
775 3510 953 3577 publicorum,
972 3511 1067 3563 deinde
1080 3512 1240 3564 secretarius
1252 3510 1416 3579 Sigiemundi
1428 3511 1543 3577 Augusti
1555 3526 1597 3562 re·

453 3600 503 3666 gis,
523 3606 550 3652 et
568 3599 630 3652 tude
642 3599 677 3650 sb
690 3615 714 3650 u
728 3601 784 3652 iere
798 3598 868 3653 1550
886 3599 1033 3653 sdvoestus
1045 3601 1102 3652 sive
1115 3607 1222 3666 prester
1234 3599 1332 3651 Viiuse
1345 3599 1419 3653 urbis
1431 3598 1517 3668 (wejt)
1529 3605 1597 3651 eret.

454 3689 530 3742 Ooni.
549 3689 636 3742 Germ.
650 3689 696 3742 Vl.
715 3689 784 3742 Iuris
802 3690 979 3756 peritissimus
998 3690 1059 3756 ruit,
1078 3689 1144 3742 sdeo
1162 3695 1193 3741 ut
1211 3705 1235 3742 ι
1255 3687 1326 3742 1569
1337 3689 1365 3741 in
1378 3705 1488 3741 numero
1505 3704 1596 3740 eorum

453 3779 656 3847 edseiseeretur,
673 3779 771 3846 quibus
783 3780 878 3831 ststuti
890 3779 1013 3833 lituuniei
1025 3779 1176 3848 corrigendi
1194 3779 1331 3847 negotium
1349 3779 1442 3832 dutum
1453 3785 1521 3844 eret,
1538 3777 1598 3846 regi

453 3884 516 3921 vere
534 3869 587 3936 ipsi
604 3869 645 3921 its
663 3874 789 3938 aceeptus
807 3877 874 3936 eret,
892 3877 923 3921 ut
941 3870 976 3922 sd
994 3875 1186 3923 testementum
1204 3868 1426 3923 eouseribeudum
1444 3869 1479 3921 sb
1498 3885 1530 3921 eu
1548 3867 1597 3920 sd·

452 3958 598 4010 biberetur.
617 3959 755 4023 Quosdam
773 3959 844 4034 typis
862 3959 1013 4027 evulgem,
1032 3959 1088 4010 slis
1105 3975 1187 4012 msuu
1205 3961 1307 4028 seripts
1318 3959 1458 4026 reliquisse
1471 3958 1595 4011 truditur.

454 4048 521 4098 Cum
538 4047 639 4113 Roysio
656 4047 751 4100 intimo
770 4048 906 4100 emiettise
925 4049 1031 4100 viuculo
1050 4056 1109 4100 eret
1127 4049 1293 4102 coniunctus.
1313 4049 1429 4101 Uberius
1448 4048 1543 4116 scripsi
1562 4046 1597 4098 de

452 4134 577 4186 Rutundo
595 4135 624 4186 in
641 4135 740 4202 polone
758 4135 790 4187 de
809 4137 908 4202 Reysio
926 4136 1114 4189 dissertetioue
1127 4154 1171 4204 pg.
1190 4136 1226 4190 50
1245 4159 1268 4181 ι
1292 4135 1357 4204 (90).
1377 4137 1452 4188 Geni.
1473 4133 1597 4188 Bulibski

452 4223 583 4288 Historys
600 4223 700 4275 miests
716 4223 810 4274 Wilus
827 4225 861 4276 11.
880 4221 1018 4290 tto-1013
1037 4224 1199 4291 Ouoltuski,
1218 4225 1307 4277 Wisd.
1326 4225 1388 4276 hist.
1407 4223 1477 4290 irryt.
1497 4225 1532 4288 11,
1550 4239 1596 4290 pg.

455 4309 516 4377 174,
534 4313 715 4378 inuenisset,
733 4313 912 4366 Lxxxvm:
932 4309 1010 4366 llosii
1028 4313 1168 4380 Epistula
1187 4314 1227 4367 ed.
1243 4309 1597 4382 Hippleret'bslsrsewsk13

453 4401 682 4469 Sobiessosustslri,
701 4401 814 4468 Eneykl.
833 4419 899 4469 poss.
918 4403 1019 4466 xvm,
1038 4403 1091 4456 593
1109 4420 1147 4471 sq.

560 4487 667 4543 'Corn
687 4489 740 4545 151
762 4513 787 4535 -
810 4507 861 4544 ess.
884 4489 924 4546 19.

560 4576 715 4632 'Fortasse
735 4579 818 4644 „erit'¹
838 4581 948 4647 scripsit
965 4580 1089 4647 ltoysius.
1393 4617 1396 4624 -

560 4665 571 4696 ⁴
590 4667 668 4720 Corn.
689 4666 742 4721 155
763 4690 788 4712 ·
812 4668 870 4721 oss.
892 4667 933 4721 19.
952 4669 1072 4720 Stemms
1090 4669 1208 4721 Retuudi
1228 4675 1288 4722 eret
1306 4669 1382 4734 Rois,
1402 4669 1471 4735 quod
1489 4666 1597 4734 {nehus

454 4754 610 4808 exhibetis
630 4771 724 4823 ampo
742 4755 823 4808 rubro
842 4772 929 4807 rosum
949 4756 1040 4808 elbum
1060 4763 1140 4824 etque
1159 4763 1212 4810 tres
1230 4773 1358 4810 vomeres.
