4109 5767
545 362 612 428 296
1027 374 1105 411 rarus
1123 374 1211 410 sorau

650 573 755 641 Urbis
776 573 812 639 in
834 582 987 639 aeternae
1009 568 1101 659 solio,
1123 568 1286 660 solvitque
1307 568 1453 661 ligatque

650 684 694 752 In
716 684 824 772 terris,
845 692 919 751 rats
940 704 1025 773 quoe
1046 682 1082 747 iu
1105 679 1206 748 caelis
1229 678 1319 748 iubet
1340 703 1412 749 esse
1433 680 1543 749 Deum
1564 682 1649 751 Rex.

592 816 620 863 s.
706 793 946 882 Ingressusque
968 790 1082 857 domos
1104 800 1138 859 et
1160 790 1248 857 celse
1270 789 1392 880 pslstis
1413 790 1530 859 dextro

653 903 779 972 Cantus
801 900 964 991 adipede
984 898 1166 987 Μοῖσαι,
1188 898 1245 989 qui
1267 908 1317 967 est
1338 898 1444 988 gloria
1465 901 1572 989 genus

653 1011 839 1098 nonages,
860 1032 959 1099 quem
980 1008 1121 1097 pnnioeo
1143 1006 1312 1074 decoravit
1332 1006 1455 1075 honore

651 1118 821 1182 Romnae
841 1116 996 1205 prineeps
1016 1114 1159 1199 mbese,
1181 1115 1236 1179 oui
1258 1114 1367 1179 sidera
1387 1124 1505 1202 psi-snt

653 1220 831 1308 Tellusque
851 1230 1041 1305 traetusque
1064 1216 1126 1283 ssli
1147 1228 1181 1283 et
1203 1240 1305 1306 regna
1326 1220 1420 1285 invis
1440 1222 1538 1286 vivis

573 1348 623 1393 ιο.
654 1326 801 1414 Tempus
822 1348 907 1413 ama,
927 1324 1002 1413 lege
1023 1333 1162 1412 tempus,
1184 1322 1291 1409 habet,
1314 1325 1389 1411 sois,
1411 1324 1516 1391 Rome
1534 1326 1648 1413 negoti

653 1432 767 1500 Terris
788 1432 863 1522 plus
886 1432 970 1520 eliis,
992 1430 1102 1497 olnrus
1125 1452 1207 1519 quas
1229 1430 1368 1520 despicit
1390 1432 1502 1499 sethar

652 1542 916 1631 Aurieomusque
938 1562 1000 1606 sus
1021 1538 1192 1607 collustret
1212 1538 1365 1628 lampade
1386 1540 1495 1607 Titan.

654 1650 754 1716 Mane
774 1648 897 1717 adiisse
918 1670 1015 1733 esv03
1037 1648 1167 1735 magnis
1190 1670 1230 1713 es
1251 1657 1399 1736 tempore
1420 1648 1519 1716 rebus

655 1758 835 1845 Debentur,
857 1780 916 1825 seu
939 1778 1035 1823 saera
1057 1756 1139 1821 lenit
1161 1754 1233 1822 sive
1255 1754 1348 1821 audit
1368 1766 1402 1823 et
1424 1755 1492 1822 slts

575 1884 623 1930 ιι.
653 1864 764 1931 Mente
786 1867 898 1933 Deum
920 1863 1083 1932 meditans
1106 1864 1249 1951 spatiosa
1268 1862 1439 1931 volumina
1459 1886 1570 1931 rerum

656 1972 771 2039 volvit
793 1996 963 2040 morarum
985 1992 1120 2059 seseque
1142 1970 1263 2036 attollit
1284 1969 1425 2060 olympo,
1440 2009 1485 2021 -

657 2078 722 2147 Seu
744 2090 850 2147 terras
872 2088 1007 2169 spectet
1030 2077 1233 2167 spoliataque
1253 2076 1376 2166 templs
1398 2078 1558 2145 ministris

655 2187 885 2277 Disieetssque
907 2209 982 2253 aras
1004 2195 1038 2253 et
1059 2184 1228 2275 ademptos
1250 2185 1333 2253 turis
1355 2184 1506 2275 honores,

656 2294 813 2386 Quaeque
835 2294 1058 2362 ineensultum
1081 2294 1238 2361 malesani
1261 2293 1381 2382 dogma
1403 2294 1540 2361 Lutheri

574 2420 624 2467 so.
654 2402 771 2469 Cetera
792 2413 938 2469 monstra
959 2400 1044 2489 tulit,
1066 2424 1151 2489 quae
1173 2400 1356 2489 plurimue¹
1379 2404 1474 2468 suxit
1494 2401 1647 2468 alumnus

655 2508 869 2595 Praeeeptnre
890 2507 978 2573 mnlo
1000 2508 1091 2595 peior
1112 2528 1272 2594 msgeque
1295 2517 1395 2593 suget
1416 2508 1451 2573 in
1474 2528 1586 2574 annos.

655 2613 746 2678 Dum
769 2634 868 2701 super
889 2613 951 2700 his,
972 2634 1057 2700 quas
1079 2611 1134 2679 det
1155 2614 1242 2701 patri
1264 2634 1420 2700 responsa
1443 2634 1604 2702 supremo,

656 2718 745 2800 (ὶιιίι
767 2720 859 2786 sedet
880 2719 924 2784 ad
945 2718 1093 2785 Tiberim
1116 2740 1247 2807 praeses
1269 2717 1367 2784 datus
1389 2720 1481 2785 urbis
1503 2729 1536 2786 et
1550 2720 1647 2806 orbis,

655 2826 793 2913 Cogitet,
816 2828 1009 2915 ooonrrique
1033 2826 1128 2892 malis
1152 2836 1203 2892 sat
1224 2826 1327 2914 possit
1349 2834 1387 2891 ut
1408 2825 1487 2894 illis:

573 2952 622 3000 ss.
652 2932 854 3021 Oongredier
875 2956 986 3023 poree3
1008 2945 1059 3001 est
1081 2932 1155 3000 aliie
1178 2932 1350 3000 denudes
1373 2934 1408 2998 in
1430 2933 1530 3022 horis,

656 3043 797 3109 Maiores
818 3043 928 3132 posuit
950 3064 1027 3110 enm
1051 3064 1157 3108 ouras.
1184 3042 1305 3109 Munus
1328 3042 1419 3109 obire

656 3151 741 3216 Tum
765 3152 825 3217 tibi
848 3151 968 3217 mendo
991 3174 1110 3237 meum,
1132 3162 1228 3239 teque
1250 3150 1300 3217 illi
1323 3152 1448 3238 offerre,
1471 3174 1615 3240 propago

655 3258 786 3345 Nostro,
807 3258 900 3345 liber,
923 3257 1034 3346 gelida
1055 3258 1186 3346 qnnlem
1208 3280 1367 3345 generare
1389 3258 1450 3326 snb
1475 3270 1566 3326 eruto

655 3364 794 3452 Ingenio
816 3363 911 3432 licuit
933 3367 1036 3453 segni,
1060 3364 1132 3431 iore
1154 3387 1256 3431 ranae
1279 3367 1426 3454 sequenti
1437 3370 1458 3454 ⁸,

575 3491 624 3537 eo.
654 3472 774 3559 Oblito,
796 3472 848 3561 nh,
871 3473 982 3539 Latii⁴
1004 3470 1146 3538 multum
1167 3472 1312 3539 melioris
1335 3483 1369 3539 et
1391 3474 1474 3541 aevi.

711 3582 728 3647 I
751 3578 845 3669 liber,
867 3582 880 3647 i
903 3580 994 3668 felix,
1017 3579 1102 3647 eltae
1125 3592 1198 3669 pete
1220 3566 1350 3649 moenia
1371 3581 1504 3669 Romae,

655 3678 911 3777 Gonaogomque
933 3689 1048 3756 adiens
1072 3690 1241 3755 dominum
1264 3690 1448 3756 submissus
1470 3690 1579 3757 adora.

657 3796 720 3862 Oui
742 3798 770 3861 si
793 3810 907 3883 gratus
929 3799 1004 3883 eris,
1036 3808 1252 3884 contemnam,
1282 3798 1438 3885 quioquid
1461 3797 1620 3864 honorum
1643 3809 1694 3865 est

656 3902 697 3967 In
719 3903 816 3968 terris
839 3915 872 3970 et
894 3903 1050 3992 quiequid
1075 3926 1186 3992 opum:
1209 3904 1362 3971 Pactolus
1385 3927 1485 3971 erens

660 4100 668 4131 ¹
687 4100 720 4149 ln
741 4098 874 4151 ossolineo
901 4100 1037 4166 „plurius'¹
1064 4108 1214 4153 sorrentum
1238 4101 1326 4153 altera
1343 4116 1426 4153 manu
1444 4102 1472 4152 in
1490 4103 1621 4170 margine.

657 4184 668 4216 ¹
687 4187 765 4238 Corn.
786 4188 877 4251 ,Quae
895 4189 996 4241 sedet“.

658 4272 843 4328 'lleoisiones
868 4292 931 4329 suas
956 4277 998 4329 lit·
1022 4277 1152 4343 Roysiunr
1175 4294 1236 4331 euru
1260 4278 1311 4331 hoe
1335 4280 1455 4332 armine
1474 4279 1578 4331 ιιιίιΙιιο
1600 4296 1633 4331 ox
1650 4279 1695 4332 his

551 4361 640 4414 verbis
658 4364 755 4416 elucet.

658 4450 738 4503 ‘lis
759 4453 852 4518 ,lsti“.
