4109 5767
937 797 1093 833 rasrurro.
1495 777 1584 831 LXIII

443 994 504 1056 mia
528 991 743 1057 admittebant
766 990 831 1055 iam
855 990 995 1076 antiqui,
1026 1010 1202 1075 eorumque
1224 986 1389 1053 licentiam
1413 989 1447 1052 in
1471 987 1586 1052 ultima

443 1097 573 1187 syllaba
597 1098 775 1162 formarum
799 1096 1036 1161 adiectivorum
1059 1094 1240 1160 verbalium
1259 1095 1292 1159 in
1309 1094 1419 1158 -udo
1434 1094 1586 1159 desinen-

443 1206 525 1269 tium
548 1202 625 1269 inde
648 1226 668 1267 a
687 1204 812 1269 Seneca
828 1200 1015 1289 philosopho
1033 1212 1221 1286 usurpatum
1237 1199 1374 1265 libenter
1390 1210 1439 1265 est
1454 1209 1585 1264 secutus

443 1308 540 1387 (conf.
565 1310 608 1390 II,
632 1332 683 1393 pg.
707 1310 781 1391 312,
805 1310 905 1393 epigr.
929 1306 1033 1371 XVII
1055 1318 1088 1371 et
1107 1306 1249 1386 XVIII).
1272 1306 1346 1369 Non
1363 1304 1460 1369 facilc
1474 1314 1584 1369 tamen

443 1414 594 1477 excusari
626 1423 744 1498 potest,
775 1412 861 1497 quud
895 1412 1032 1475 sormam
1066 1410 1251 1495 ,moechia“
1285 1412 1425 1496 (popae)
1456 1420 1585 1494 praeter

444 1516 597 1581 traditam
621 1538 769 1580 normam
792 1539 850 1604 pro
873 1514 1006 1604 dactylo
1029 1514 1161 1579 admisit
1182 1514 1239 1598 (11,
1263 1514 1337 1598 374,
1361 1512 1500 1597 LXIX),
1526 1512 1585 1577 ab⁴

444 1646 523 1687 risus
545 1621 603 1687 illa
628 1634 811 1712 praecepto,
841 1646 906 1711 ‹puo
937 1620 1083 1687 vocalem
1117 1631 1192 1686 ante
1223 1619 1367 1686 vocalem
1400 1620 1518 1707 corripi
1549 1618 1583 1683 in

443 1728 556 1817 lingua
582 1729 682 1794 latina
705 1753 724 1794 a
747 1730 969 1815 grmnmatiois
993 1728 1147 1793 traditum
1171 1738 1229 1793 est.
1253 1726 1316 1794 Sed
1341 1725 1431 1791 nulla
1450 1726 1515 1791 ium
1532 1746 1584 1790 ra·

443 1836 531 1902 tione
546 1860 730 1925 expurgare
745 1860 819 1903 eum
837 1860 976 1923 possum,
995 1834 1081 1923 quud
1101 1836 1203 1900 I'orma
1222 1835 1405 1922 ,canticam
1424 1832 1585 1899 choriam-

444 1942 522 2009 bum
546 1944 602 2027 (11,
626 1945 700 2029 387,
724 1944 789 2029 28),
813 1944 919 2009 sorum
945 1944 1085 2031 ,sp1n1s“
1112 1942 1255 2008 iambum
1273 1943 1329 2026 (Il,
1346 1943 1412 2007 354
1424 1964 1478 2029 sq,
1495 1942 1524 2025 6,
1542 1941 1584 2028 7),

445 2052 550 2117 forma
573 2051 713 2139 demque
740 2053 871 2139 ,pbtbs“
898 2051 1084 2117 trochaeum
1110 2051 1159 2117 bis
1182 2050 1240 2136 (Il,
1262 2052 1338 2134 293,
1358 2050 1413 2131 36,
1441 2048 1585 2131 17314)

443 2158 597 2249 explevit.
622 2158 853 2225 adnotandum
878 2170 984 2225 tamen
1003 2172 1052 2227 est
1072 2158 1129 2225 illu
1144 2158 1340 2244 gravissima
1356 2158 1436 2224 vitia
1451 2155 1586 2223 haerere
1608 2221 1610 2225 ,

443 2270 476 2335 Iu
502 2270 702 2336 rmrnriuibus
726 2294 746 2336 a
769 2269 892 2361 lluyaiu
915 2271 986 2359 ipsu
1009 2272 1041 2335 iu
1067 2269 1172 2336 lumnn
1198 2292 1260 2333 mm
1285 2267 1390 2334 (alitis.

551 2381 757 2467 Quarnquam
781 2380 918 2445 Ibunani
942 2380 1075 2446 nuirrina
1096 2402 1216 2467 graeca
1238 2377 1367 2468 syllaba
1397 2402 1442 2453 ιυς
1473 2377 1585 2443 clausa

443 2489 561 2574 partim
586 2485 628 2552 ad
651 2510 804 2574 graecam
828 2510 987 2572 narniam,
1011 2487 1128 2574 piartim
1152 2485 1194 2551 ad
1218 2507 1320 2569 suam,
1350 2508 1433 2572 quae
1456 2483 1585 2568 dieitur,

445 2592 621 2657 secundem
647 2592 899 2660 declinationem
916 2592 1141 2677 imnmtabaut,
1164 2605 1271 2657 tamen
1289 2614 1367 2656 easu
1384 2590 1585 2656 nominativo

444 2707 540 2783 atqm
568 2699 719 2761 vocativo
750 2698 880 2763 vocales
913 2700 993 2783 ,eu“
1030 2721 1093 2762 una
1123 2698 1251 2785 syllaba
1282 2708 1318 2761 ut
1347 2694 1586 2783 diphthongum

444 2803 634 2885 eil'erebant,
665 2804 894 2889 rarissimoque
924 2803 965 2867 ab
997 2802 1059 2866 hae
1089 2803 1212 2867 ratione
1235 2799 1447 2866 discedebant
1473 2799 1585 2885 (Verg.

444 2904 567 2971 Culicis
591 2930 645 2971 vv.
670 2908 733 2971 116
757 2918 789 2971 et
812 2909 899 2989 268).
923 2911 967 2971 At
989 2908 1133 2995 Royaius
1156 2906 1283 2969 dnobus
1300 2906 1379 2970 locis
1394 2905 1429 2967 id
1445 2904 1586 2987 admisit,

446 3010 583 3076 formam
610 3010 799 3077 Porthmeus
833 3034 888 3099 pro
920 3011 1053 3101 dactylo
1086 3034 1247 3099 usurpans
1277 3012 1315 3095 (I,
1339 3012 1413 3083 311,
1437 3012 1516 3089 206,
1541 3010 1585 3094 ΙΙ,

445 3121 520 3203 422,
551 3119 664 3203 XVII,
696 3122 736 3199 2).
775 3120 888 3207 Neque
922 3121 1030 3185 minus
1062 3118 1238 3185 insolenter
1267 3118 1437 3206 aliquoties
1468 3138 1585 3182 nomen

446 3225 587 3312 Augusti
611 3225 645 3288 iu
669 3225 814 3291 secunda
837 3226 1027 3313 pentametri
1052 3225 1187 3311 elegiaci
1212 3235 1304 3311 parte
1332 3245 1390 3311 per
1413 3224 1586 3288 diaeresim

445 3332 492 3397 ita
514 3332 675 3417 distraxit,
708 3342 743 3398 ut
773 3334 894 3421 primas
924 3331 1020 3397 huius
1051 3333 1193 3396 nominis
1216 3330 1346 3397 vocales
1376 3352 1435 3420 pro
1458 3328 1586 3395 duabus

446 3438 602 3506 brevibus
625 3449 827 3528 computaret
850 3441 906 3527 (ΙΙ,
932 3442 982 3526 12,
1006 3440 1064 3525 IV,
1088 3443 1121 3523 2,
1145 3441 1198 3525 26,
1221 3438 1265 3520 X,
1287 3440 1326 3520 4,
1350 3440 1402 3523 27,
1425 3438 1528 3523 ΧΙΙΙ,
1552 3440 1586 3523 2,

447 3548 499 3632 29,
522 3546 653 3633 XXIV,
677 3550 719 3629 2).
747 3546 811 3615 Sed
836 3548 868 3611 iu
894 3549 1086 3635 pentametri
1109 3546 1246 3634 elegiaci
1270 3557 1435 3612 structura
1458 3545 1588 3612 creber-

445 3654 528 3720 rime
547 3676 567 3720 a
586 3656 813 3741 severioribus,
836 3655 1026 3743 praesertim
1044 3655 1164 3722 Ouidio
1181 3655 1324 3744 probatis
1339 3653 1476 3741 legibus,
1498 3653 1587 3743 Iloy-

448 3762 517 3826 aius
540 3761 687 3828 «lasciuit.
726 3762 809 3827 Nam
834 3764 963 3851 saepius
993 3773 1027 3829 et
1049 3774 1124 3829 ante
1148 3765 1339 3849 pentametri
1363 3784 1530 3829 caesuram
1555 3770 1588 3826 ot

447 3871 481 3935 in
504 3872 595 3937 exitu
619 3870 765 3961 syllabas
789 3870 904 3939 breves
927 3881 959 3938 ot
982 3870 1208 3961 irronosyllaba
1230 3871 1405 3939 eollueavit
1431 3871 1488 3956 (II,
1513 3872 1587 3956 393,

448 3978 503 4060 32,
528 3980 602 4063 313,
625 3978 727 4061 ΧΙΧ,
761 3981 833 4065 193,
856 3979 885 4060 Ι,
910 3981 984 4063 429,
1008 3980 1102 4062 XIV,
1126 3980 1160 4061 4,
1184 3981 1258 4064 341,
1282 3981 1312 4064 6,
1335 3981 1370 4059 4,
1402 3980 1477 4066 354,
1500 3980 1530 4063 5,
1553 3979 1587 4061 6,

447 4084 522 4168 381,
551 4086 598 4169 18,
622 4086 669 4167 ΙΙ,
693 4086 768 4171 382,
792 4087 848 4166 24,
872 4088 946 4169 391,
970 4088 1004 4167 4,
1029 4087 1103 4168 390,
1127 4088 1161 4166 4,
1187 4086 1260 4170 193,
1285 4087 1336 4169 16,
1359 4087 1381 4150 4
1403 4094 1437 4151 et
1459 4085 1488 4167 Ι,
1513 4086 1588 4169 356,

320 4228 324 4235 ·
446 4190 576 4271 10t113
599 4192 674 4275 424,
697 4191 724 4275 Ι,
747 4193 781 4273 4,
805 4192 958 4277 310‚1V;
982 4193 1057 4275 314,
1077 4191 1207 4274 XXVI,
1222 4192 1265 4276 4),
1285 4190 1448 4257 conclusit
1466 4190 1588 4277 passim

447 4296 536 4363 hanc
558 4319 689 4364 versum
713 4299 850 4365 vocibus
873 4298 1074 4385 longioribus
1103 4321 1200 4386 quam
1231 4296 1417 4387 bisyllobis,
1447 4295 1589 4385 elidique

448 4403 563 4469 erebro
586 4404 715 4470 vocales
738 4405 771 4469 iu
796 4404 899 4472 altera
922 4416 1013 4493 parte
1037 4415 1087 4470 est
1109 4427 1223 4492 passus
1255 4404 1312 4489 (II,
1335 4404 1410 4490 304,
1433 4405 1480 4488 ΙΙ,
1513 4405 1588 4489 290,

447 4510 510 4594 ΙΙΙ,
534 4512 609 4596 301,
630 4511 676 4597 ΙΙ,
698 4512 732 4592 4,
756 4512 831 4597 308,
855 4515 885 4598 7,
908 4513 941 4593 8,
966 4512 1040 4597 317,
1064 4514 1089 4597 Ι,
1112 4515 1147 4595 4,
1170 4513 1245 4596 326,
1270 4514 1321 4595 17,
1344 4513 1378 4593 2,
1402 4513 1477 4597 333,Ι
1501 4514 1531 4596 6,
1554 4513 1588 4593 2,

448 4618 523 4702 304,
546 4620 576 4703 b,
599 4620 625 4703 Ι,
649 4621 683 4703 6,
706 4619 750 4704 ΙΙ,
773 4622 816 4701 4).
843 4619 908 4687 Sed
931 4642 1014 4708 qnae
1037 4619 1133 4685 modo
1156 4620 1190 4683 in
1214 4619 1407 4707 pentametri
1429 4618 1588 4706 Royaiani

448 4732 612 4791 structura
634 4726 742 4790 minus
765 4725 895 4813 placere
918 4725 1145 4812 animadverti,
1168 4724 1349 4791 eiusmodi
1374 4734 1459 4810 sunt,
1483 4726 1589 4790 ateis

447 4853 509 4898 nee
520 4830 650 4917 Catulli,
665 4854 726 4898 nee
741 4832 948 4920 antiquorum
960 4832 1073 4900 Ovidii
1085 4854 1322 4917 suceessorum,
1333 4831 1454 4897 nedum
1466 4852 1589 4916 eorum,
