4109 5767
1128 805 1204 843 mn
1224 807 1313 843 ΙΟἲΙΙΙ

754 999 922 1088 cracovia,
945 998 1095 1065 sublimis
1117 1019 1209 1088 equo,
1232 997 1334 1064 multo
1356 998 1467 1086 gravis
1490 1019 1570 1063 euro

754 1107 973 1200 Gemmisque,
996 1105 1162 1175 aethereos
1184 1106 1281 1197 longe
1303 1105 1503 1196 spirantibus
1525 1105 1627 1194 ignes.

753 1216 853 1284 Illum
875 1217 1042 1284 sermatioi
1063 1239 1213 1306 pmeores
1236 1216 1423 1305 equitesque
1447 1223 1635 1305 sequnntur,

753 1325 847 1392 billio
870 1336 949 1415 quot
973 1347 1141 1414 nunquam
1164 1333 1241 1390 sunt
1263 1325 1334 1390 istis
1357 1324 1429 1390 viss
1451 1321 1512 1389 sub
1536 1323 1609 1388 oris.

671 1454 721 1501 so.
840 1431 940 1498 Illum
961 1433 1093 1522 pruteni
1116 1432 1186 1497 dux
1209 1432 1350 1519 optimus
1372 1430 1460 1498 orbis
1472 1434 1491 1516 ¹,
1513 1428 1675 1497 Aebillem

754 1538 820 1621 Qui
842 1549 985 1626 praestet
1007 1540 1209 1626 Martemque
1231 1539 1341 1627 ipsum
1363 1536 1503 1604 debellet
1525 1538 1559 1603 in
1582 1537 1689 1624 ermis,

754 1646 891 1711 Armsto
913 1645 1060 1734 sequitur
1082 1645 1254 1710 eomitstus
1276 1643 1386 1729 milite,
1410 1644 1528 1738 oristeo

754 1750 839 1831 Quis
861 1752 968 1838 eapite
990 1750 1147 1837 effulgent
1169 1749 1265 1837 longe
1288 1749 1426 1836 eonique
1449 1759 1626 1834 uomentem

752 1856 823 1922 Nee
845 1854 983 1922 bellator
1004 1878 1108 1945 equus
1131 1877 1288 1922 sessorem
1311 1864 1417 1945 portet
1439 1855 1581 1921 inermis.

672 1985 723 2030 es.
843 1961 919 2028 Ibet
941 1973 973 2029 et
994 1960 1073 2029 huie
1096 1984 1204 2029 eomes
1226 1961 1361 2028 illustris
1384 1960 1580 2029 Gsmruteus
1601 1959 1703 2047 heros,

753 2067 816 2136 Oui
839 2066 918 2134 urbs
941 2066 1023 2134 bueo
1045 2069 1176 2133 mitram
1207 2068 1263 2132 det
1285 2067 1485 2155 Gneuneque
1506 2066 1649 2154 pallion¹
1670 2065 1780 2152 additi,

757 2211 801 2223 -
823 2173 931 2240 Rarus
953 2173 1066 2260 honos,
1088 2185 1120 2240 et
1143 2175 1200 2263 qui
1222 2175 1281 2240 vix
1303 2174 1360 2238 uni
1384 2174 1520 2261 contigit
1542 2172 1629 2259 olim,
1653 2211 1694 2222 -

753 2279 829 2347 Ibet
851 2280 992 2369 fulgenti
1013 2280 1079 2347 lete
1101 2281 1276 2346 eomitante
1299 2290 1440 2366 eatenus,

755 2386 872 2475 Quem,
895 2387 998 2455 multo
1021 2387 1244 2478 splendentem
1267 2411 1356 2475 suro,
1382 2397 1581 2476 argentoque
1603 2387 1763 2474 nitentem,

650 2519 719 2565 roe.
749 2496 850 2563 Ferre
873 2495 960 2563 oeuli
982 2505 1148 2586 nequeunt
1170 2505 1374 2584 speetentum
1397 2504 1495 2585 utque
1517 2518 1574 2562 ore
1596 2494 1689 2560 tueri.

842 2605 916 2672 Non
939 2604 994 2673 hie
1017 2605 1106 2670 frumo
1128 2605 1245 2692 ingens
1266 2604 1428 2696 rebusque
1450 2605 1612 2692 ingentior
1634 2602 1722 2692 ipsis,

751 2714 837 2781 Belli
859 2714 981 2802 horror,
1004 2715 1175 2803 suevisquo
1197 2714 1284 2781 idom
1307 2715 1396 2780 Mure
1419 2713 1501 2780 ulter
1523 2715 1557 2780 in
1581 2713 1680 2780 ermis

751 2821 960 2888 'l'ernosehus
983 2821 1103 2908 deerat,
1127 2844 1191 2887 non
1213 2822 1269 2888 hio
1290 2821 1491 2889 'l'ernosehis
1511 2820 1615 2910 pubes
1623 2825 1645 2908 ⁴,

750 2927 844 3010 Quae
866 2951 994 3017 semper
1015 2929 1125 2995 fremit
1147 2951 1239 2995 orme
1261 2940 1293 2995 et
1315 2939 1381 2994 toto
1402 2938 1532 3018 peetore
1555 2928 1695 3016 quaeritq

646 3057 716 3102 ros.
746 3036 876 3100 Lunum
898 3036 1016 3101 etenim
1041 3046 1074 3102 et
1097 3058 1196 3124 supre
1217 3034 1399 3102 redientem
1422 3035 1568 3102 erinibus
1591 3035 1699 3100 eureis

750 3141 791 3206 In
813 3141 912 3229 longe
932 3151 1042 3207 turma
1064 3145 1284 3229 eomitutuque
1307 3163 1380 3208 uem
1402 3163 1538 3208 eorusoo

738 3246 923 3333 ¹Prospectu
945 3247 1082 3332 stellam,
1107 3247 1202 3332 longe
1225 3257 1257 3312 et
1280 3247 1505 3334 splendeseere
1528 3269 1634 3313 uerno.

841 3351 907 3418 llio
928 3373 1033 3440 genus
1056 3353 1223 3440 egregium
1246 3351 1396 3418 Geminae
1419 3374 1484 3418 non
1507 3351 1623 3418 defuit:
1648 3347 1745 3417 hems

748 3458 933 3546 Antrum,
956 3458 1079 3526 ditione
1101 3471 1215 3550 potens
1237 3469 1270 3526 ot
1293 3459 1431 3526 sortiluss
1453 3460 1561 3526 ermis.

645 3591 717 3635 110.
747 3569 904 3635 Vestibus
926 3568 1015 3635 huno
1038 3570 1126 3656 atris,
1149 3571 1240 3635 tenui
1262 3592 1344 3658 ques
1367 3581 1500 3636 neverat
1521 3592 1577 3637 ore

746 3675 916 3742 Pendulus
938 3677 1074 3744 arbuteo
1096 3678 1131 3742 in
1153 3700 1244 3743 remo
1267 3677 1368 3743 denso
1391 3679 1521 3764 agmine
1541 3676 1700 3767 bombyx',

747 3784 869 3872 Sponte
893 3807 954 3851 sus
976 3785 1149 3852 ineludens
1171 3786 1313 3851 tenebris
1337 3808 1372 3851 ee
1394 3797 1426 3851 et
1449 3807 1579 3852 eernere
1602 3807 1713 3871 eueeo,

748 3981 757 4011 ¹
777 3983 913 4047 Albsrtus,
938 3982 1054 4049 Sopbiss
1072 3982 1171 4034 sororis
1190 3998 1335 4050 germsnss
1352 3981 1516 4050 sigismundi
1540 3982 1737 4035 lPolonorum
1759 3999 1808 4035 rs·

636 4071 679 4139 gis
698 4070 778 4136 iilius,
796 4073 899 4138 primus
917 4071 1097 4124 bereditsrius
1117 4074 1292 4123 Prutsuorum
1311 4072 1364 4122 dus
1390 4081 1418 4124 et
1442 4072 1518 4139 regni
1540 4072 1668 4123 Pelenise
1693 4072 1805 4128 elisus.

746 4157 899 4212 'sbutitur
916 4161 945 4210 in
963 4161 1016 4212 bse
1034 4177 1100 4212 roes
1119 4161 1307 4212 terminstious
1325 4177 1432 4228 grsees,
1456 4161 1567 4228 pellium
1586 4161 1658 4224 euim
1683 4177 1704 4213 s
1729 4176 1809 4227 psu-

635 4247 726 4299 dsndo
744 4245 892 4299 derintur.

747 4333 759 4362 ⁸
776 4337 872 4386 Petrus
891 4335 1006 4386 Gsmrst
1023 4337 1096 4386 enim
1114 4334 1176 4387 inde
1201 4337 1244 4390 sb.
1270 4351 1296 4388 s.
1317 4334 1387 4388 telo
1411 4337 1529 4403 episcopi
1548 4336 1745 4388 cracoviensis
1776 4342 1811 4387 et

635 4421 834 4488 sreblepiseepi
853 4424 1018 4475 (iussuensis
1037 4440 1147 4475 munere
1167 4425 1339 4490 fungebatur.

747 4509 758 4539 ⁴
778 4513 891 4562 losnues
910 4511 1126 4578 christophorus,
1146 4511 1240 4563 ultims
1258 4511 1338 4562 buius
1351 4513 1545 4563 'I'srnoviorum
1558 4513 1651 4579 stirpis
1663 4511 1811 4564 muenia

634 4598 729 4664 proles
748 4600 791 4652 ob.
810 4615 836 4652 s.
858 4598 935 4651 1567.

742 4685 893 4739 ‘Andreas
912 4686 1013 4755 (ioris,
1041 4697 1096 4740 tum
1121 4689 1287 4740 custellsnus
1305 4690 1494 4741 l'osnsnisnsis
1519 4699 1547 4742 et
1572 4691 1691 4758 lisgnss
1716 4689 1815 4741 Polo-

634 4775 698 4830 uiss
715 4776 768 4828 dux
787 4777 845 4829 sius
863 4793 982 4829 summus
1002 4781 1163 4846 prsuleetus.
1193 4779 1272 4831 l’uter
1290 4781 1349 4831 sius
1370 4783 1464 4846 Ιιιιοιιι,
1487 4793 1520 4832 er
1545 4779 1667 4847 pristino
1689 4782 1817 4832 rosus·

632 4865 722 4918 nisusi
740 4866 881 4934 episeopus
900 4867 1069 4920 Guisvisusis
1089 4871 1177 4921 isetm
1197 4870 1241 4921 ub.
1259 4885 1284 4922 s.
1308 4868 1384 4923 ibid.
