4109 5767
633 744 681 814 84
1115 756 1192 799 mm
1211 757 1298 799 norro

1399 828 1665 843 -..-.,..-...-.....

740 957 783 1024 m
805 956 927 1049 pstriss
949 954 1147 1046 profundere
1170 977 1255 1045 opes,
1279 954 1475 1046 profundere
1498 956 1612 1023 evites.

636 1091 705 1136 iro.
738 1067 856 1133 Tristis
878 1066 948 1153 erit,
971 1064 1036 1131 nisi
1058 1064 1194 1131 donstos
1217 1063 1359 1131 dimittet
1381 1066 1512 1132 amieos.

737 1175 812 1241 Non
831 1173 910 1242 huie
932 1173 1017 1240 laets
1040 1172 1110 1239 dies
1133 1172 1233 1261 fulsit,
1258 1195 1323 1263 qus
1345 1195 1478 1240 munere
1500 1172 1628 1239 nullum

739 1281 925 1351 Obstriuxit
947 1303 1076 1371 qusque
1098 1280 1176 1348 ille¹
1200 1280 1263 1348 sibi
1284 1280 1374 1347 haud
1397 1282 1558 1371 quaesivit
1580 1281 1731 1369 annisum,

739 1392 926 1457 Formosus
948 1391 1042 1479 gruvi
1065 1412 1214 1479 pressum
1236 1400 1292 1456 out
1315 1388 1437 1456 solutus
1459 1400 1608 1477 egentem
1630 1400 1687 1457 est.

739 1498 778 1587 0,
801 1521 862 1566 eur
884 1497 1045 1583 Gorouno,
1067 1498 1135 1583 Dii,
1158 1520 1223 1563 nou
1246 1498 1370 1563 meiero
1392 1494 1537 1585 dedistis,

635 1628 705 1673 rm.
739 1604 864 1672 illustri
887 1605 999 1673 eomiti
1021 1604 1145 1671 Luesel
1167 1627 1231 1670 non
1255 1626 1374 1671 oureus
1395 1603 1458 1670 hoe
1480 1604 1528 1669 sol

738 1710 931 1801 Splenderet
952 1712 1058 1799 magis
1081 1713 1116 1778 iu
1139 1712 1243 1799 terris,
1264 1734 1329 1778 non
1352 1710 1441 1777 illius
1463 1710 1551 1777 orbis

737 1820 810 1885 Iom
832 1828 962 1908 osperet
984 1840 1112 1906 nomeu,
1135 1820 1336 1908 properentis
1359 1820 1393 1885 in
1418 1818 1548 1885 aethere
1570 1816 1676 1883 fames

740 1925 983 2015 Ssrmetieeque
1005 1926 1094 1992 omni
1117 1925 1218 1992 deous
1241 1924 1422 1992 immortale
1444 1925 1597 2014 parentis.

826 2032 903 2120 Ipse
924 2053 1053 2121 quoque
1075 2032 1214 2119 insignis
1237 2032 1357 2097 virtute
1380 2053 1420 2097 se
1442 2030 1586 2097 moribus
1608 2032 1721 2119 eequis

635 2164 704 2208 rso.
738 2138 912 2227 Firleius’,
933 2137 1064 2228 plseido
1087 2140 1182 2205 euius
1204 2138 1339 2221 suadela
1361 2138 1513 2229 leposque
1628 2176 1630 2179 ·

738 2247 804 2316 Ore
827 2246 917 2313 sodet
939 2248 1107 2337 pietasque
1130 2248 1247 2313 animis
1270 2258 1303 2313 et
1325 2247 1474 2314 mosibus
1497 2248 1571 2313 imis

739 2355 886 2422 Hoersns
908 2354 985 2443 lixa,
1008 2378 1117 2421 monte
1140 2355 1312 2444 impatiens
1336 2378 1406 2423 sose
1428 2356 1549 2423 exserit
1572 2354 1664 2443 ultro,

739 2464 1006 2552 dissignem
1029 2462 1113 2529 nulli
1135 2465 1213 2529 sinit
1237 2463 1381 2555 undique
1404 2466 1534 2533 fervens

736 2572 864 2663 Perque
887 2572 998 2641 oeulos
1021 2571 1189 2640 hominum
1213 2573 1334 2661 gaudet
1357 2597 1392 2641 se
1413 2584 1446 2641 et
1468 2576 1553 2641 seno
1574 2598 1632 2666 per
1654 2598 1719 2642 ors.

637 2703 704 2748 rso.
830 2682 872 2749 ltt
895 2681 1173 2771 Ohotkiovieius³,
1196 2706 1260 2773 quo
1283 2692 1354 2751 tutu
1376 2684 1496 2751 Kioviu
1519 2695 1643 2751 turmus

739 2790 882 2857 Hostiles
905 2792 1019 2858 temnit
1042 2814 1217 2882 versusque
1241 2793 1274 2858 in
1298 2802 1389 2881 terge
1411 2795 1556 2882 sagittus,

737 2895 847 2962 Moliri
870 2896 1007 2962 iusidias
1030 2899 1227 2985 inimieeque
1251 2897 1363 2964 sellem
1386 2912 1494 2965 eostre

737 3002 865 3085 Dootus
887 3013 920 3069 et
942 3026 1034 3069 arms
1056 3026 1156 3069 manu
1180 3026 1219 3071 uo
1242 3004 1318 3069 forti
1340 3014 1489 3093 torquere
1511 3004 1632 3072 lseerto

737 3108 916 3197 Vietorque
938 3110 1076 3176 exuvies
1099 3119 1249 3198 superato
1271 3133 1313 3175 ex
1336 3109 1427 3176 hoste
1450 3111 1579 3178 referre.

635 3235 703 3281 rso.
827 3214 1087 3305 Longaevosque
1110 3238 1211 3283 senex
1234 3216 1399 3282 studiosus
1422 3218 1543 3305 sapim
1564 3220 1643 3305 veri,
1693 3274 1696 3281 .

737 3322 808 3388 Ism
831 3322 957 3412 pridem
980 3323 1067 3415 quod
1092 3346 1167 3391 eum
1190 3325 1310 3392 teneris
1333 3323 1485 3391 coluisset
1507 3323 1548 3391 sb
1571 3326 1676 3412 suuis,

737 3428 886 3498 Blandiri
909 3432 1065 3521 insuetus,
1088 3456 1176 3500 seros
1200 3444 1248 3501 est
1272 3444 1388 3501 noetus
1410 3433 1548 3501 honores

737 3539 966 3631 Fortunaeque
988 3543 1046 3610 diu
1069 3567 1109 3611 se
1133 3544 1270 3612 multum
1293 3544 1478 3612 obluetstus
1500 3546 1632 3636 iniquse
1654 3556 1712 3613 est.

828 3650 958 3742 Quique
981 3653 1059 3719 eolit
1080 3652 1234 3743 pulehres
1257 3656 1426 3721 Musarum
1449 3653 1582 3721 sedulus
1605 3664 1699 3743 ortes,

633 3777 701 3823 ree.
738 3756 876 3848 Eloquio
899 3759 1004 3827 bonus
1026 3771 1059 3827 et
1080 3761 1176 3829 doeto
1200 3762 1406 3829 Meeiovius⁵
1428 3786 1491 3850 ore,

735 3864 809 3946 Quo
833 3868 916 3955 potis
939 3878 988 3935 est
1010 3867 1179 3935 hominum
1201 3869 1372 3937 dedeetero
1395 3881 1534 3959 peetors,
1556 3881 1664 3959 partes

651 4037 765 4047 ..μ-

736 4134 818 4188 ‘tiss
837 4154 977 4208 „querque
996 4139 1072 4207 llls“,
1091 4141 1118 4194 ln
1138 4141 1224 4195 Osset.
1245 4143 1326 4212 „mm
1346 4145 1493 4212 posteriore
1511 4160 1594 4199 msuu
1606 4147 1635 4199 lu
1648 4146 1772 4215 margins

630 4224 795 4293 mmnpnm
814 4236 864 4281 stt.

736 4312 746 4341 ²
764 4316 891 4367 Portuno
910 4317 1047 4384 Nimium,
1065 4319 1112 4386 qui
1131 4327 1225 4387 postes
1244 4321 1380 4388 polntlnus
1399 4322 1572 4377 Lublineusis
1590 4324 1643 4377 obl.
1657 4339 1682 4377 ι.
1696 4322 1776 4390 1588,

625 4408 676 4454 sut
693 4404 816 4469 loannes,
838 4405 884 4471 qui
902 4420 927 4457 s.
948 4405 1016 4459 1561
1036 4408 1236 4461 muresohulous
1255 4411 1331 4479 regni
1349 4411 1438 4464 Polou.
1460 4414 1518 4465 luit

737 4490 824 4548 'soil
843 4493 946 4548 ederit.
965 4497 1111 4565 Gregorius
1122 4498 1312 4567 Chotkiewleq
1332 4501 1468 4568 pslutiuus
1487 4502 1658 4572 morlensis,
1671 4503 1717 4570 qui
1729 4518 1776 4570 po·

629 4588 688 4635 stet
706 4582 872 4636 eutellnuus
889 4587 1032 4640 Trecentis
1052 4591 1140 4641 tuetur
1160 4598 1209 4643 sot

736 4671 891 4742 ‘Snplehm
910 4678 986 4731 (tour.
1006 4680 1144 4743 Boulookl,
1163 4685 1262 4734 Poerst
1278 4682 1368 4734 roddw
1387 4700 1430 4751 με.
1450 4682 1503 4737 ³06
1521 4700 1561 4751 sq.

737 4759 927 4832 ‘sustuleru
951 4768 1083 4820 Samuelis
1103 4770 1220 4839 episcopi
1239 4772 1349 4827 Orneon.
1370 4773 1463 4838 trater,
1488 4772 1652 4827 mitellarum
1675 4773 1776 4827 &ndo-

629 4850 763 4903 mlriensiu
781 4868 824 4908 u.
845 4854 1031 4908 leet—1563.
