4109 5767
521 214 590 282 448
945 282 948 289 1
998 230 1078 267 mn
1096 232 1186 267 norm

628 424 734 513 Tulle,
757 434 839 512 tace,
861 435 948 493 totue
970 434 1012 511 te,
1034 424 1139 512 Tulle,
1161 436 1198 491 ut
1221 425 1363 491 mundus
1385 424 1510 510 adoret3

682 531 718 600 Si
741 532 801 599 fiee
825 542 944 621 mutue,
966 533 1013 599 nil
1039 533 1107 621 tibi,
1129 532 1235 620 Tulle,
1258 532 1358 599 deest

1068 727 1114 794 II.

862 856 904 905 De
923 857 1059 907 euullto
1078 857 1208 921 praeside
1225 856 1301 921 picto
1310 851 1329 908 ¹.

630 960 724 1025 Haeo
746 961 841 1026 euius
863 960 976 1028 tabula
998 971 1048 1027 eet
1070 960 1228 1047 Oeseellii,
1250 960 1315 1046 ille,
1338 959 1395 1027 ubi
1418 957 1504 1025 eeleo

683 1064 725 1130 In
747 1065 829 1131 solio
851 1066 952 1153 redet,
974 1078 1023 1133 eet
1045 1067 1153 1155 pietus
1176 1076 1213 1132 nt
1236 1066 1272 1130 in
1296 1063 1415 1132 tabule.

632 1168 722 1251 Quid
746 1171 826 1239 feeit
847 1173 883 1237 in
906 1172 987 1238 eolio
1010 1172 1158 1239 reeidene
1181 1170 1358 1239 Caesellius
1380 1170 1471 1237 alto?

685 1278 759 1344 Hoc
782 1279 862 1346 feeit
884 1280 919 1345 in
942 1278 1033 1367 tolio,
1056 1278 1144 1369 quod
1166 1280 1247 1347 satit
1269 1280 1305 1345 in
1327 1277 1447 1345 tabule.

1066 1476 1129 1545 111.

968 1610 1013 1659 Ad
1032 1608 1194 1659 Dindlrnum
1205 1605 1223 1658 ¹.

632 1710 682 1779 Ne
704 1712 839 1780 videare
861 1711 950 1802 loqui
972 1713 1113 1802 vulgari,
1135 1712 1302 1800 Dindime,
1325 1733 1423 1799 more,

685 1817 811 1884 Dixieti
833 1840 854 1885 a
875 1842 929 1886 me
950 1821 1078 1887 ebione:
1105 1818 1267 1907 „eandida
1289 1840 1356 1883 nox
1377 1818 1437 1883 tibi
1460 1816 1534 1882 eit¹‘.

633 1922 818 1989 Obscuram
840 1924 899 1991 eed
921 1946 982 2012 ego
1004 1935 1038 1991 et
1059 1926 1253 2012 nigrantem,
1275 1923 1441 2007 Dindime
1463 1920 1592 2009 malim,

685 2029 771 2095 Nam
794 2029 936 2097 dormire
958 2031 1039 2097 mihi
1062 2054 1127 2097 non
1150 2031 1289 2119 vigilare
1311 2029 1427 2119 planet
1647 2018 1648 2021 ¹

572 2158 600 2203 e.
629 2135 756 2203 Invitat
777 2137 874 2225 nigra
895 2161 962 2204 nox
984 2161 1124 2225 somnos,
1147 2138 1206 2204 eed
1229 2136 1371 2204 eandida
1392 2134 1499 2223 solvit

685 2243 785 2309 Haud
808 2244 919 2312 oeulos
941 2268 1092 2312 eomnnm
1116 2267 1249 2335 carpere
1271 2267 1368 2334 paese
1389 2266 1515 2332 graves.

632 2349 703 2416 Iste
725 2351 854 2438 viatori
878 2352 1026 2439 fugitivis
1049 2354 1113 2419 ieta
1134 2374 1279 2441 precare,

686 2457 806 2545 Ignaro
828 2458 925 2548 liquit
947 2458 1063 2526 limine
1084 2460 1113 2525 ei
1135 2461 1209 2548 quie
1231 2458 1320 2525 hero.

632 2565 751 2631 Erroni
775 2566 856 2633 telee
878 2566 1015 2656 optabis,
1037 2565 1204 2654 Dindime,
1226 2574 1347 2653 nentes,

552 2695 601 2740 ιο.
687 2674 727 2739 In
750 2696 852 2740 nervo
875 2674 994 2741 stultns
1017 2696 1114 2763 quem
1136 2675 1221 2741 mele
1244 2672 1349 2741 eredit
1370 2672 1477 2760 herne,
1500 2710 1548 2722 -

633 2780 707 2847 Non
730 2780 824 2849 nobie
846 2780 942 2849 lneeie
965 2792 998 2850 et
1019 2785 1086 2850 iam
1110 2781 1253 2849 dormire
1274 2782 1411 2871 peratis:

687 2891 748 2957 Est
771 2890 960 2959 dormituris
982 2915 1049 2959 nox
1072 2893 1168 2981 nigre
1189 2901 1284 2981 grate
1306 2892 1420 2979 magis.

635 2997 669 3067 Si
693 2998 775 3065 talei
798 3011 909 3067 noetee
931 3001 1018 3068 cerie
1041 3001 1169 3091 optabis
1192 3000 1317 3087 amieis,

689 3106 741 3176 Sie
764 3109 799 3174 in
822 3120 950 3176 noctem
972 3109 1084 3197 hostie,
1106 3109 1273 3197 Dindime,
1295 3107 1381 3174 melo
1403 3106 1493 3174 mihi.

552 3237 600 3284 te.
630 3215 715 3283 (ium
738 3215 881 3285 dormire
902 3219 1002 3306 iuvat
1025 3240 1102 3285 enm
1125 3240 1187 3285 nee
1205 3216 1345 3306 vigilare
1368 3239 1430 3283 nee
1452 3217 1514 3283 ire:

688 3322 839 3393 Candide
860 3349 927 3393 nox
949 3325 1010 3392 tibi
1034 3327 1084 3413 eit,
1106 3326 1272 3414 Dindime
1295 3326 1391 3413 nigra
1413 3324 1501 3392 mihi.

1069 3519 1131 3586 1v.

992 3649 1025 3697 ln
1044 3643 1205 3698 Ptmcum'.
1570 3710 1573 3717 ι

633 3750 766 3835 Doctoe,
788 3748 919 3835 Plaude,
942 3750 1030 3817 viroe
1054 3751 1138 3817 vites
1161 3750 1311 3838 vitaeque
1333 3748 1483 3831 disertoe3

687 3854 759 3923 Stat
782 3877 858 3922 eum
881 3855 982 3943 vulgo
1004 3878 1124 3924 aevum
1146 3854 1274 3943 degere,
1296 3854 1427 3940 Plance,
1449 3864 1559 3920 tuum.

637 4132 646 4163 ¹
667 4135 744 4186 Corn.
765 4134 807 4187 15.

638 4222 649 4252 ²
668 4224 745 4276 Corn.
765 4224 801 4277 86
818 4242 857 4293 tq.

638 4310 745 4366 'Corn
766 4315 807 4367 19.
