4109 5767
805 472 842 507 sl>
859 470 974 508 ΟΜΝ
990 470 1112 509 Pomm.

387 538 1530 563 mm

934 875 986 941 58.

586 1066 641 1132 Ad
667 1066 904 1131 ZALEVIUM
928 1065 1167 1132 thesaurarium
1190 1066 1302 1133 curiae
1313 1070 1332 1132 ¹.

497 1259 553 1328 Sic
575 1258 635 1326 tibi
659 1257 772 1326 Zalevi
794 1258 861 1326 levi
884 1258 926 1326 de
948 1280 1111 1325 marmore
1134 1268 1257 1349 ponant

549 1367 695 1435 Pierides
718 1377 867 1455 statuam,
890 1368 1006 1457 iungat
1027 1366 1147 1458 Apollo
1168 1366 1287 1459 lyram.

496 1476 651 1545 Exultatu
674 1500 787 1545 necem
810 1499 885 1544 cum
909 1478 996 1567 paesi
1019 1477 1061 1545 ob
1084 1476 1223 1544 crimina
1245 1485 1356 1544 nostra

549 1586 640 1653 Crux
662 1586 733 1671 erit,
756 1584 844 1652 unde
865 1582 1034 1651 hominum
1058 1584 1155 1652 dulce
1177 1585 1331 1675 pependit
1353 1608 1445 1672 onus,

437 1714 464 1757 a.
494 1693 583 1757 Aera
604 1692 686 1757 mihi
708 1714 868 1775 numeres,
891 1692 1035 1779 Augusti
1057 1692 1148 1757 iussa
1171 1692 1380 1780 capessens3¹

551 1796 609 1865 Sic
632 1819 735 1863 annos
758 1798 862 1886 possis
884 1797 942 1863 vix
965 1819 1138 1864 numerare
1160 1806 1242 1863 tuos.

931 2296 983 2361 59.

580 2490 632 2555 De
655 2490 869 2555 ZAREMBA
892 2498 965 2577 post
987 2488 1144 2555 Ulensem
1167 2490 1342 2577 puguam⁸.

497 2669 536 2735 ln
559 2691 671 2756 pugna
693 2668 780 2757 capti
804 2667 928 2735 lituano
950 2690 971 2733 a
992 2666 1096 2735 milite
1118 2663 1244 2733 Moschi

551 2778 634 2845 Cum
657 2776 772 2843 flerent
794 2785 913 2844 aarum
937 2776 985 2843 sic
1008 2775 1168 2844 cecidisse
1190 2797 1294 2861 suam,

497 2885 586 2952 Ecce
608 2884 775 2971 Zaremba,
799 2886 868 2951 suis
890 2885 1006 2952 castris
1030 2883 1144 2974 procul
1167 2882 1245 2951 iude
1267 2880 1397 2969 relictis,

551 2992 605 3057 Ad
628 3016 757 3081 pugnae
780 2993 902 3058 samum
925 2994 1081 3059 Pannone
1104 2992 1232 3059 cinctus
1255 2989 1355 3057 adest

437 3122 463 3165 a.
494 3099 561 3179 Qui
583 3108 621 3163 ut
643 3122 787 3165 cessasse
809 3099 901 3165 videt
922 3101 1021 3166 victis
1045 3099 1224 3166 certamino
1245 3094 1398 3181 Moschis,

549 3205 683 3271 Certare
707 3207 856 3293 Augusto
877 3227 939 3271 uec
961 3206 1104 3293 potuisse
1127 3226 1196 3291 suo,

496 3309 641 3376 Indoluit
663 3311 872 3399 lacrimisque
892 3334 1025 3399 gemens
1049 3321 1098 3379 est
1120 3312 1212 3379 visus
1234 3309 1365 3377 obortis.

549 3417 603 3482 Ad
627 3440 723 3505 quem
746 3419 897 3506 captivus
918 3418 998 3485 talia
1019 3417 1173 3485 Moschus
1197 3418 1255 3483 ait:

495 3522 635 3607 Quaeso,
657 3524 826 3607 Zaremba,
849 3524 929 3611 quid
951 3525 1035 3590 hoc?
1058 3524 1171 3591 flentes
1187 3532 1374 3611 spectemur
1387 3520 1529 3607 ultique:

549 3628 674 3715 Tuque,
695 3628 783 3716 quod
806 3629 960 3715 abfueris,
983 3651 1115 3717 uosque,
1138 3627 1225 3715 quod
1247 3626 1423 3693 adfuimus.

499 3806 507 3837 ¹
527 3806 605 3857 Gom.
660 3805 677 3857 2
701 3829 725 3849 =
804 3845 810 3857 .

498 3890 510 3921 ¹
528 3894 585 3945 Rex
603 3805 663 3960 {pii
680 3894 724 3946 die
743 3806 814 3946 8132.
834 3894 928 3947 &ucis
946 3894 1119 3947 enltcllouls
1138 3894 1165 3946 ld
1184 3900 1226 3947 est
1235 3894 1300 3946 x1v
1308 3890 1408 3946 mansis
1417 3895 1532 3956 uptam·

390 3980 447 4033 brls
466 3982 608 4047 paconium
626 3982 684 4033 sivo
702 3982 832 4035 salarium
851 3984 950 4051 lloyslo
969 3985 1162 4039 numerandum
1181 3982 1324 4036 mandasse
1345 3980 1458 4032 videtur.
1483 3978 1534 4031 Go-
1620 3952 1647 4027 .'

392 4077 478 4122 lorum
497 4072 599 4123 sslarla
617 4074 812 4139 prolossoribus
830 4074 893 4128 iudo
914 4090 932 4126 a
949 4075 1080 4127 Culmiro
1100 4076 1198 4143 Magno
1222 4073 1301 4126 lartio
1320 4085 1424 4141 quoque
1442 4082 1534 4121 mense

393 4167 511 4228 tempora
529 4161 689 4215 ieiuniorum
707 4163 889 4217 solvebantur.

499 4250 605 4308 'Gom
624 4252 676 4310 ull
701 4278 726 4301 ι
750 4272 801 4309 oss.
820 4254 881 4311 263.
901 4256 992 4311 Verba
1013 4264 1088 4326 „post
1108 4257 1235 4312 Ulanssm
1254 4256 1388 4326 pegasum·
1408 4253 1435 4307 ln
1454 4252 1534 4315 ossol.

392 4345 537 4411 posteriore
555 4362 638 4399 manu
656 4348 797 4415 pallidiore
816 4356 967 4402 atramento
983 4349 1121 4417 adscripta
1132 4354 1203 4401 sunl.
1222 4350 1336 4402 carmon
1349 4347 1481 4415 rasplcsrs
1493 4347 1534 4400 vi-

391 4434 470 4487 detur
488 4435 629 4490 victoriam
648 4454 673 4490 ι.
693 4436 764 4493 1⁶64
781 4445 953 4506 reportatam.

825 4562 1094 4618 ——e—
