4109 5767
992 312 1070 348 mli
1089 310 1175 347 ΙΟῙΙΙΙ

1060 756 1113 822 46.

916 950 979 1016 AD
1004 949 1265 1018 SARMATAM'

776 1074 805 1125 a
822 1074 1012 1127 asennaeum
1030 1073 1176 1125 rosamo
1193 1054 1368 1140 sasoniam
1378 1072 1394 1124 ¹.

1073 1229 1100 1298 1.

621 1356 711 1425 Olim
733 1379 854 1447 magna
876 1357 939 1423 faia
960 1358 1115 1424 romanae
1137 1356 1279 1424 infantia
1300 1356 1442 1445 linguae,

674 1467 811 1557 Frigida
834 1467 1008 1535 sarmatico
1030 1483 1095 1556 qua
1116 1468 1202 1556 riget
1225 1488 1306 1533 aura
1328 1466 1405 1553 solo,

621 1574 799 1643 Posteritae
823 1575 969 1644 sedenim
991 1575 1181 1642 melioribus
1204 1576 1314 1643 exeita
1336 1576 1427 1642 aura

674 1682 807 1751 Gaudet
828 1694 979 1749 romanos
1001 1682 1098 1749 edere
1120 1682 1218 1749 doota
1240 1704 1345 1769 senos,

562 1812 589 1855 a.
619 1788 802 1855 Transtulit
824 1788 880 1855 hie
903 1788 1025 1855 chartis
1048 1811 1090 1855 ex
1113 1810 1178 1876 quo
1199 1788 1363 1869 Matrinius
1386 1800 1486 1854 omna

674 1896 715 1963 In
738 1899 881 1964 vestram
904 1896 1046 1984 Latium,
1069 1895 1228 1983 Sarmata,
1250 1895 1453 1964 Sarmatiam

620 2004 811 2072 Perdisoent
833 2004 927 2093 pueri
949 2026 1014 2093 quo
1036 2012 1245 2093 praeceptore
1266 2002 1353 2092 quod
1376 2001 1454 2069 elim

674 2114 791 2180 Aetate
813 2123 931 2181 exacta
954 2114 1013 2180 vix
1036 2112 1182 2180 didicere
1205 2134 1307 2179 senes.

1058 2307 1104 2374 11.

619 2430 714 2497 Istud
737 2452 818 2519 opus
841 2442 1012 2519 postquam
1035 2430 1198 2511 Masiniss
1221 2428 1325 2499 edidit
1347 2430 1476 2515 ingens,

673 2535 883 2603 Sauromates
905 2536 984 2602 latio
1006 2535 1094 2623 quod
1117 2534 1212 2601 doeet
1235 2556 1290 2599 ore
1312 2533 1410 2620 loqui,

619 2640 787 2708 Romanae
807 2640 950 2728 linguae,
972 2664 1037 2729 qua
1061 2639 1179 2706 olaruit
1202 2638 1281 2705 itala
1302 2637 1410 2725 tellus,

672 2748 831 2815 Sarmatis
853 2770 911 2814 ora
934 2747 1043 2834 deeus,
1066 2745 1194 2813 romula
1216 2768 1334 2813 nomen
1357 2744 1464 2812 habet

1048 2941 1111 3008 III.

620 3070 693 3139 Hos
716 3071 773 3138 ubi
795 3070 881 3139 vidit
903 3093 984 3159 opus
1006 3070 1130 3153 Matini
1153 3068 1257 3137 Roma
1279 3066 1426 3158 politum,

581 3240 583 3244 .
671 3180 780 3249 Dixit:
807 3179 1000 3270 „Habentne
1022 3201 1119 3246 suum
1143 3178 1354 3247 Sauromatae
1375 3176 1555 3244 Latium?“

933 3344 934 3347 ‘
1054 3373 1114 3440 lv,

621 3500 694 3567 Hoo
716 3499 801 3567 libro
823 3501 908 3568 laeto
930 3524 1007 3567 mox
1031 3499 1210 3590 Thybridis
1232 3499 1357 3567 aeoola:
1384 3512 1520 3587 „nostra-

675 3607 857 3695 Vineimur,
880 3608 953 3695 heu,
975 3608 1108 3697 lingua“
1135 3606 1220 3673 dixit
1243 3617 1276 3674 et
1298 3609 1465 3695 ingemuit.

1065 3798 1105 3865 V.

620 3925 711 3995 Flete
734 3949 847 4013 senex3
872 3948 975 3993 sanus
997 3949 1081 4016 quae
1104 3928 1220 4014 neseis,
1243 3925 1301 3993 illa
1323 3923 1462 3993 tenelius

673 4039 760 4103 Ante
782 4036 868 4127 pilos
890 4036 996 4104 (lisoot
1018 4046 1051 4103 et
1073 4037 1154 4104 soiet
1177 4036 1234 4103 illa
1257 4059 1345 4126 puer.

621 4217 629 4248 ¹
648 4220 764 4270 Exstant
781 4219 849 4271 haec
867 4219 1064 4287 epigrammata
1082 4220 1153 4287 typis
1172 4234 1299 4286 expressa
1317 4219 1345 4271 in
1365 4219 1464 4272 Laxioo
1482 4216 1661 4283 latino-poto-

476 4388 479 4392 ·
512 4309 573 4358 nico
591 4308 700 4359 Ioannis
720 4308 863 4375 tiaeidski,
890 4310 960 4375 quod
983 4310 1083 4375 prodiit
1106 4310 1135 4360 in
1160 4309 1247 4362 lucem
1269 4308 1448 4377 Regiomontii
1468 4308 1609 4361 &russiae
1627 4322 1658 4357 a.

514 4394 591 4448 teet.
611 4396 687 4447 Ceut.
707 4412 758 4449 ess.
777 4398 831 4451 1315
850 4415 888 4465 sq.
914 4420 938 4443 ι
963 4414 1037 4451 corn.
1056 4397 1118 4452 373.
