4109 5767
521 761 586 856 228
1003 777 1081 813 ‘¹²¹¹
1100 777 1188 813 sorau

629 971 790 1040 Custodes
813 971 971 1060 Spartae¹
996 970 1122 1037 eatulos
1145 969 1326 1057 fortemque
1348 935 1524 1035 molossum

629 1077 735 1143 Adde.
765 1076 869 1144 Vides
892 1075 998 1142 malus
1022 1088 1058 1143 ut
1081 1077 1206 1143 eireum
1229 1075 1402 1142 insidietur
1424 1074 1501 1141 ovili

629 1184 818 1251 Noeturnus
842 1185 896 1251 fur
918 1195 950 1252 et
973 1183 1087 1251 sauses
1109 1183 1207 1274 lupus
1230 1183 1343 1250 aridus
1366 1184 1458 1269 imas,

629 1291 738 1359 Dante
760 1293 873 1359 minax
896 1292 1064 1382 oeulisqne
1085 1303 1118 1360 at
1141 1293 1224 1360 riotu
1248 1291 1401 1359 turbidus
1422 1303 1500 1357 atro.

551 1423 598 1469 ts.
718 1399 822 1486 h'elix,
846 1424 865 1467 o
888 1402 1005 1468 iterum
1030 1402 1120 1488 felix,
1142 1413 1192 1469 ter
1215 1401 1364 1470 Sarmata
1386 1399 1475 1486 felix,

630 1505 721 1574 Gens
744 1509 882 1572 nimium
905 1507 1025 1574 dileeta
1046 1509 1128 1594 Deo,
1153 1509 1207 1574 eui
1231 1508 1300 1573 fata
1322 1506 1441 1573 dedere

631 1613 721 1678 Inter
742 1611 863 1680 habere
886 1619 993 1698 snos¹,
1016 1615 1075 1679 toti
1098 1635 1194 1700 quem
1218 1613 1380 1701 praeferat
1401 1611 1482 1696 orbi,

630 1717 798 1805 Insignem
821 1719 939 1806 pietate
962 1721 1071 1785 virum
1082 1725 1102 1785 ⁸.
1132 1721 1245 1786 Deous
1268 1716 1396 1785 aethere
1420 1717 1558 1804 dignum

632 1823 706 1890 Non
729 1822 791 1891 hoe
814 1826 969 1891 sustinuit
991 1837 1064 1914 post
1085 1827 1142 1912 Te,
1165 1826 1261 1892 Petre
1285 1825 1433 1909 Ratione,
1455 1824 1563 1888 maius

549 1951 597 1998 no.
628 1929 812 2006 Romanum
837 1930 963 2018 solium,
986 1954 1052 1998 non
1075 1954 1143 2019 par,
1167 1953 1241 2018 non,
1263 1943 1411 2018 torquem
1432 1929 1543 1995 aether

632 2037 732 2102 Astra
755 2037 832 2105 lieet
854 2039 1006 2126 viresque
1029 2062 1105 2105 suas
1128 2038 1276 2105 effundat
1298 2036 1470 2128 Olympus.

632 2144 672 2209 In
697 2143 848 2211 Samuele
871 2169 939 2232 suo,
962 2147 1066 2233 potuit
1088 2166 1310 2233 quaeeunque,
1333 2143 1479 2232 proludit

632 2248 846 2338 Omnipotens
869 2263 986 2317 natura
1009 2252 1155 2340 nihilque
1178 2251 1337 2317 exhausta
1359 2249 1490 2336 reliquit

632 2356 709 2444 Ipsa
732 2357 795 2422 sibi
818 2357 998 2446 egregium:
1021 2357 1104 2424 viles
1126 2358 1283 2445 effingere
1306 2356 1436 2441 formas,

552 2486 600 2532 ιι.
631 2463 723 2530 Viles
746 2463 866 2532 dehine
889 2465 1015 2532 animas
1038 2478 1071 2533 et
1093 2487 1229 2555 corpora
1251 2464 1359 2552 turpia
1381 2463 1494 2528 diseat.

725 2571 828 2660 Felix,
850 2596 869 2639 o
893 2572 972 2640 felix
996 2574 1134 2640 nimium
1157 2573 1325 2660 Oruooviu,
1348 2570 1445 2637 talem

634 2679 805 2749 Rectorem
828 2694 933 2750 nacta.
967 2683 1040 2750 lloe
1062 2682 1140 2749 olim
1163 2681 1349 2772 promittere
1372 2677 1499 2746 eaelum

634 2791 705 2857 Neo
727 2792 832 2857 ruaius
855 2791 959 2880 potuit
982 2813 1044 2859 nee
1065 2805 1100 2858 tu
1125 2815 1263 2880 sperare.
1294 2791 1429 2856 Beatam

638 2896 667 2965 O
690 2901 735 2964 tel
758 2898 908 2965 Iustitiae
930 2921 1087 2987 magnum
1110 2900 1230 2965 dieeris
1253 2897 1391 2989 asylum.

554 3027 602 3072 ao.
636 3003 666 3072 O
688 3016 746 3071 tua
768 3028 803 3072 se
825 3007 958 3094 quantis
980 3007 1104 3073 attollet
1126 3006 1231 3094 gloria
1253 3004 1364 3072 rebus:

636 3111 768 3178 Dioeris
791 3131 878 3178 nove
900 3112 1004 3178 Roma
1027 3134 1195 3201 novaeque
1218 3112 1377 3179 voeubere
1400 3110 1561 3176 Athenaei

638 3217 758 3282 Omnia
780 3217 942 3284 florebunt
962 3230 995 3283 at
1017 3220 1052 3282 in
1074 3218 1137 3284 hoo
1159 3218 1348 3284 discrimina
1371 3239 1489 3302 rerum,

636 3324 699 3388 Tot
723 3325 842 3388 iaetata
866 3323 960 3388 malis
985 3324 1102 3390 studiis
1125 3335 1157 3390 et
1179 3346 1283 3412 paene
1305 3323 1450 3408 subacta,

639 3427 765 3515 Religio
787 3440 935 3516 assurget
959 3429 1048 3495 eaelo
1071 3441 1103 3495 et
1125 3440 1224 3517 eaput
1246 3440 1373 3495 exseret
1395 3427 1469 3493 alto.

557 3557 605 3602 ao.
638 3536 730 3602 Iustu
753 3535 833 3603 fides
856 3537 1025 3626 pietasque
1049 3560 1154 3625 suum,
1177 3536 1273 3603 modo
1296 3536 1428 3602 nomina
1450 3555 1546 3620 vana,

637 3643 801 3713 Oultorem
824 3645 1005 3732 invenient3
1028 3647 1209 3733 Astraeam,
1231 3669 1315 3735 quae
1338 3645 1452 3711 ultima
1473 3642 1570 3732 liquit

638 3752 760 3821 Orbem
783 3777 891 3842 exosa,
914 3766 990 3820 tuus
1015 3755 1154 3822 deduoet
1177 3754 1219 3822 ab
1243 3755 1372 3821 aethere
1394 3751 1533 3842 praesul.

728 3863 891 3929 Iustitiam
914 3864 1020 3931 oolere
1043 3885 1083 3930 ao
1105 3861 1241 3952 populos
1264 3864 1298 3928 in
1321 3884 1402 3950 paee
1425 3873 1535 3927 tenere

640 3970 748 4036 Huius
771 3972 832 4038 erit
855 3971 1009 4060 studium,
1033 3983 1065 4038 et
1087 3983 1218 4038 tenuem
1241 3995 1282 4038 no
1305 3971 1424 4036 iniuria
1446 3967 1574 4058 plebem

559 4101 607 4144 ιο.
639 4079 741 4146 Visve
764 4091 889 4167 premat
911 4083 1023 4168 maior,
1047 4081 1189 4169 nequid
1214 4081 1285 4146 sine
1306 4079 1434 4168 legibus
1457 4079 1543 4144 ausit

640 4186 724 4252 Inve
746 4185 852 4253 aliona
875 4198 949 4255 ruat
972 4189 1025 4256 vel
1050 4212 1148 4256 saevo
1172 4200 1268 4254 notus
1291 4188 1428 4255 Achille.

640 4293 696 4360 Nil
718 4317 822 4382 genus
846 4298 968 4385 egregii
992 4308 1049 4363 aut
1071 4297 1158 4363 tituli
1182 4319 1342 4363 nomenve
1365 4295 1550 4384 superbum,

640 4402 709 4468 Vix
732 4413 894 4490 gestatum
919 4407 1039 4471 umeris
1063 4406 1144 4471 nihil
1166 4406 1282 4493 ingens
1305 4404 1448 4494 proderit
1471 4424 1599 4489 aurum,

645 4675 652 4704 ¹
673 4675 712 4725 ed.
735 4681 884 4740 ,spartua“.

644 4763 655 4794 ¹
673 4767 749 4817 Cous.
771 4767 863 4817 llomt.
884 4768 971 4818 Ourm.
992 4769 1012 4832 1,
1034 4765 1076 4830 14,
1097 4764 1137 4818 19:
1158 4769 1230 4817 luter
1250 4768 1311 4817 soso
1329 4765 1453 4816 nitentes.

644 4853 752 4922 'Verg.
773 4860 837 4906 Aen.
858 4859 878 4920 1,
900 4856 939 4908 10.
