4109 5767
893 832 1051 868 ΡΙΑΙΥΑΤΙθ.

405 914 558 925 -ι--

403 1025 519 1113 peritia
542 1025 730 1113 poeticoque
753 1023 884 1109 ingenio
900 1024 1156 1091 commendante.
1182 1024 1306 1111 Regum
1322 1048 1401 1091 vero
1416 1026 1545 1091 Maeee-

402 1132 512 1217 viique
534 1132 640 1217 gratia
664 1128 760 1197 facilc
784 1129 1026 1217 assequebatur,
1058 1139 1095 1195 ut
1124 1151 1189 1193 non
1220 1130 1325 1195 solum
1355 1128 1547 1215 aulicorum,

423 1238 463 1303 ad
487 1238 583 1303 ctiam
608 1236 745 1302 alierum
770 1235 927 1301 nobilium
952 1235 1147 1302 l‘olonorum
1170 1235 1273 1301 oculis
1304 1237 1338 1300 in
1369 1260 1443 1301 cum
1471 1259 1548 1302 eon-

405 1344 510 1409 verais
533 1342 575 1407 ad
599 1343 753 1407 convivia
775 1342 969 1407 invitaretur
992 1341 1154 1428 lautisque
1177 1364 1272 1429 saepe
1291 1341 1396 1428 epulis
1411 1343 1547 1407 interes·

406 1458 463 1514 set.
502 1448 552 1512 Ita
576 1448 741 1534 cognitum
765 1447 976 1512 sarmaticum
1008 1446 1162 1534 epulandi
1194 1468 1333 1531 moram,
1371 1446 1546 1512 immodico

406 1554 476 1618 viui
491 1554 621 1640 cibique
637 1576 697 1619 usu
715 1551 900 1638 notabilem,
924 1551 1073 1639 pluribus
1090 1551 1290 1618 carminibus
1305 1552 1339 1617 in
1355 1552 1465 1640 eisque
1483 1575 1546 1618 uno

403 1659 559 1749 ampliore
590 1683 664 1726 cum
696 1661 815 1727 festiva
849 1659 1069 1748 benevoleque
1103 1660 1338 1749 vituperatione
1372 1658 1545 1749 descripsit

402 1768 443 1855 (I,
467 1771 656 1853 233-2393
681 1770 724 1856 ll,
748 1770 948 1851 aea-um).

510 1876 555 1941 At
577 1878 662 1943 inter
684 1900 724 1943 ea
747 1876 932 1943 conditione
955 1899 1014 1941 sua
1038 1877 1071 1941 in
1095 1875 1171 1941 aula
1187 1876 1286 1963 regia,
1308 1877 1423 1964 inqua
1442 1876 1545 1965 pluri-

401 2005 492 2047 mum
517 1984 584 2071 spei
609 1982 764 2071 ponebat,
796 1984 829 2047 in
862 1982 932 2048 dies
964 1983 1072 2047 minua
1099 1995 1169 2048 erat
1192 1993 1369 2048 contentus.
1407 1984 1546 2049 Frustra

401 2090 614 2177 exspectabat
636 2112 656 2153 a
679 2110 756 2175 rege
779 2110 897 2153 munus
921 2086 1053 2174 aliquod
1074 2088 1278 2153 fructuosum
1294 2088 1366 2153 sive
1382 2087 1546 2175 iudiciale,

401 2195 474 2260 aive
496 2193 771 2279 ecclesiast-icum,
802 2193 879 2260 talia
910 2194 995 2261 enim
1028 2194 1261 2276 contingebant
1283 2192 1384 2281 vulgo
1414 2192 1545 2260 l’olonia

403 2300 576 2387 nobilibus,
599 2304 701 2391 ipsius
726 2324 804 2368 vere
827 2300 979 2368 nobilitas
1005 2302 1191 2389 peregriua,
1215 2310 1251 2367 ut
1273 2302 1306 2365 in
1331 2325 1463 2368 censum
1488 2324 1545 2367 vc-

402 2409 473 2474 uire
497 2420 611 2495 possm,
635 2432 715 2495 opus
738 2420 808 2475 orat
832 2408 1015 2495 potentibus
1040 2406 1251 2493 adiutoribus,
1274 2408 1392 2494 quibua
1407 2420 1544 2495 excepto

403 2515 571 2579 Macoovio
594 2515 734 2579 (terebat.
758 2514 850 2580 Alios
873 2514 988 2579 llorere
1010 2514 1116 2600 gratia
1133 2514 1380 2601 prornovoriquo
1400 2537 1458 2601 per
1472 2538 1544 2579 mu-

402 2617 518 2683 lierum
538 2631 624 2684 amos
640 2619 682 2684 ad
698 2618 871 2707 ampliores
886 2618 1009 2705 gradus
1025 2618 1176 2706 efficique
1191 2619 1366 2704 beneficiis,
1389 2642 1424 2685 sc
1439 2619 1544 2686 solum

403 2725 572 2811 praeteriri
595 2746 692 2810 aegre
716 2724 824 2789 serens
847 2725 880 2787 iu
905 2724 969 2789 otio
994 2723 1096 2788 multa
1119 2724 1355 2811 epigrammata
1376 2725 1495 2789 acerba
1510 2726 1544 2790 in

404 2828 547 2894 medieas
571 2827 821 2915 astrologoeque,
851 2829 906 2915 qui
938 2828 1101 2893 immerita
1131 2828 1322 2894 auctoritate
1351 2828 1545 2913 fruerentur,
1665 2894 1673 2911 ,

402 2934 436 3000 iu
462 2936 667 3025 presbyteros
692 2934 860 3023 plerosque
884 2957 976 3001 sacre
1001 2957 1134 3001 munere
1158 2934 1320 3022 indignos,
1342 2936 1374 2999 in
1393 2934 1544 3003 nudiores

403 3044 591 3109 arrrbitiesas
616 3042 860 3134 impudicasque
883 3043 1110 3110 conscribebat
1139 3043 1197 3129 (ll,
1220 3045 1409 3127 suu-4293
1433 3046 1544 3111 404-

403 3153 491 3235 467).
516 3151 645 3217 Mortuo
670 3174 745 3218 vero
768 3174 796 3217 a
823 3153 908 3217 lblr'r
933 3150 1089 3218 Gamrato
1112 3150 1154 3217 de
1177 3152 1248 3239 ipsa
1270 3150 1422 3218 mercede
1444 3150 1545 3217 houe-

403 3260 499 3345 raria,
521 3281 586 3346 qua
609 3258 802 3325 liberalitate
825 3259 895 3325 eius
919 3258 1097 3344 fruebatur,
1128 3260 1253 3344 timens,
1283 3259 1350 3324 iam
1380 3258 1487 3325 redire
1509 3260 1544 3325 in

404 3366 542 3455 patriam
565 3367 599 3431 in
623 3368 767 3432 animum
791 3366 982 3451 inducebat,
1007 3389 1082 3432 cum
1106 3367 1311 3448 Maceovius,
1338 3365 1487 3432 Gamrati
1510 3367 1544 3431 in

404 3474 590 3562 episcopatu
615 3473 816 3537 cracoviensi
849 3494 1031 3557 successor,
1063 3472 1169 3557 gratia
1200 3470 1456 3558 liberalitatequc
1486 3494 1548 3536 sua

405 3577 630 3665 desperantem
669 3578 830 3644 recreavit
868 3578 1110 3665 Oracoviaeque
1145 3577 1287 3642 retinuit.
1334 3577 1432 3642 llrevi
1472 3587 1551 3642 ante

405 3684 599 3753 Gammtum
623 3684 779 3750 Illisabcn
803 3684 948 3771 reginam
972 3685 1168 3750 exstinctam
1192 3685 1304 3767 (1545)
1328 3684 1472 3773 Royzius
1488 3685 1550 3748 tri-

405 3790 467 3857 bua
490 3790 647 3857 brevibus
669 3792 912 3879 epigrammatis
944 3792 1000 3877 (II,
1023 3794 1080 3873 32)
1103 3789 1301 3878 deploravit,
1331 3813 1408 3856 mox
1439 3791 1547 3877 ipsum

406 3894 600 3963 Gamratum
624 3896 752 3961 funebri
776 3898 921 3963 curiarius
944 3894 1101 3983 ampliora
1124 3896 1547 3983 prosecutus(1,93-98)‚

406 4024 517 4067 mensc
540 4001 666 4087 posted
685 4002 843 4067 lllaccovii
860 4002 1001 4089 episcopi
1020 4002 1240 4067 cracoviensis
1256 4001 1415 4087 designati
1434 3999 1546 4066 laudes

405 4106 619 4175 celebrandas
641 4109 771 4173 transiit
792 4108 831 4191 (I,
854 4110 1053 4190 rar-230).
1092 4107 1161 4173 Nec
1192 4107 1366 4173 defuerunt
1392 4106 1548 4173 continuo

406 4214 594 4281 occasiones
617 4237 702 4279 nova
724 4215 871 4279 carmina
895 4212 1110 4300 componendi
1138 4216 1270 4301 ipseque
1293 4214 1481 4303 propensior
1504 4212 1547 4277 ad

404 4340 445 4383 ea
467 4319 569 4383 fuisse
593 4318 731 4405 videtur,
754 4321 904 4407 episcopo
928 4320 1130 4385 cracoviensi
1155 4320 1259 4383 amico
1283 4317 1415 4383 facilius
1438 4327 1548 4405 optata

407 4434 632 4489 assecuturum
657 4446 692 4489 se
714 4434 821 4509 ratus,
852 4426 879 4488 si
903 4424 1071 4513 paululum
1096 4424 1307 4489 adniteretur.
1345 4421 1490 4505 Accidit,
1515 4432 1550 4487 ut

406 4528 590 4613 astrologus
612 4529 745 4615 quidmn
770 4530 1003 4595 vaticinaretur
1026 4529 1241 4614 blaceovinm,
1264 4528 1291 4591 si
1316 4528 1477 4595 Crucoviu
1492 4550 1549 4593 ex·

406 4637 569 4723 cessisset,
594 4636 708 4702 vivum
738 4660 775 4702 ee
798 4660 861 4702 non
885 4660 1112 4723 reversuram,
1144 4636 1306 4723 vulgoque
1337 4634 1551 4722 deplorabant

407 4742 552 4810 homiues
568 4742 693 4812 creduli
710 4744 811 4809 fatum
830 4745 986 4833 episcopi,
1010 4768 1084 4810 curn
1102 4753 1254 4831 aegrotus
1270 4752 1377 4830 spreto
1393 4742 1550 4808 vaticinio

406 4850 441 4915 in
472 4850 589 4919 lectica
620 4850 759 4941 pellibus
791 4851 956 4919 involutus
989 4851 1102 4918 mbem
1135 4850 1325 4938 reliquisset.
1368 4849 1434 4931 Qui
1473 4872 1548 4915 curn
