4109 5767
705 793 742 828 ΑΙ)
760 793 888 828 ΓΟΒΟΝΙΑΒ
906 792 988 828 limbi!
1008 793 1151 835 RORUUQU!
1168 793 1308 828 restituat.

436 871 530 880 ..ιι-

483 1005 509 1049 u.
539 983 716 1052 Gaudehas
737 983 884 1052 homines
907 986 992 1052 inter
1012 1009 1109 1074 quem
1132 986 1251 1072 vivere,
1273 987 1352 1075 quid
1376 1010 1465 1056 nune

595 1091 685 1157 Inter
708 1092 862 1159 caelestes
885 1092 943 1158 fles
965 1091 1113 1159 habitare
1135 1094 1246 1160 Deos?

972 1353 1034 1419 XI.

586 1511 647 1578 Ad
677 1511 1071 1580 SIGISMUNDUM
1102 1511 1422 1599 AUGUSTUM,

670 1619 862 1673 Sarmatiarutn
881 1636 979 1689 regem,
998 1620 1156 1673 Craeoviarn
1175 1620 1334 1690 ingressum,

939 1711 1075 1763 salutatio.

542 1836 639 1904 Salve
662 1837 811 1924 Auguste
832 1835 969 1923 valeque
991 1835 1048 1902 <liu
1071 1859 1273 1924 regnumque
1295 1837 1452 1924 guberna,

593 1945 637 2009 Et
659 1941 835 2030 lagellonis
858 1964 929 2009 esse
951 1952 1112 2009 memento
1134 1965 1247 2030 nep0s;

541 2049 622 2115 Esse
645 2049 847 2137 Sigismundi
869 2051 980 2136 magni
1004 2071 1173 2116 sueeessor
1194 2060 1227 2115 et
1249 2049 1341 2136 illud,

594 2155 690 2235 Quod
714 2156 818 2243 magis
841 2165 899 2241 est,
922 2157 1004 2221 tanti
1026 2155 1113 2222 filius
1136 2178 1207 2222 esse
1228 2157 1340 2244 petris.

482 2283 508 2326 s.
539 2261 609 2328 Nee
632 2263 745 2327 matris
767 2284 871 2349 genus
895 2262 1094 2347 indeeornm,
1116 2284 1173 2328 seu
1197 2261 1405 2330 Ssoreisdum
1427 2284 1517 2349 gens,

594 2367 658 2436 Seu
682 2369 742 2434 tibi
765 2368 962 2457 spectandus
985 2370 1120 2456 sanguis
1143 2368 1276 2435 iberus¹
1299 2369 1369 2435 erit.

541 2475 630 2542 Hine
653 2497 746 2563 reges
770 2498 837 2560 rex,
860 2475 937 2540 inde
959 2474 1061 2541 duees
1083 2474 1153 2540 (lux
1175 2476 1282 2541 eernis
1305 2475 1418 2560 avitos,

593 2582 750 2670 Quaeque
772 2582 916 2667 imiteris,
939 2581 1040 2648 habes
1064 2581 1161 2647 fortis
1184 2581 1271 2647 faeta
1292 2581 1408 2646 viruna

542 2689 632 2754 Haec
655 2688 734 2753 dum
758 2697 885 2776 sceptra
907 2697 1006 2772 tenes,
1028 2685 1147 2775 populo
1169 2696 1203 2753 et
1225 2687 1284 2752 das
1306 2688 1385 2752 iura
1397 2695 1572 2753 memento:

460 2817 506 2860 ιο.
589 2795 645 2863 Sie
667 2805 793 2884 patrem
817 2794 980 2881 aequabis,
1004 2795 1062 2861 sie
1075 2794 1243 2882 superabis
1266 2795 1377 2860 avos'.

983 3324 1013 3387 3.

473 3498 526 3563 De
549 3495 829 3564 SIGISMUNDO
852 3499 879 3583 Ι,
901 3520 986 3584 rege,
1008 3507 1040 3563 et
1064 3499 1194 3583 BONA,
1215 3498 1329 3585 regina
1350 3498 1535 3563 Poloniae⁸.

454 3715 457 3720 .
539 3658 708 3723 Maiestate
730 3658 841 3745 gravis
865 3667 929 3722 stat
952 3680 1010 3723 rex
1034 3657 1100 3744 ubi,
1122 3657 1263 3723 turbinis
1286 3657 1390 3724 instar

592 3764 718 3851 Regina
740 3763 806 3830 hue
829 3763 909 3830 illue
931 3764 1094 3831 instabilis
1115 3764 1241 3831 volitat:

541 3871 613 3938 lloe
636 3893 773 3960 regnum
796 3895 860 3936 non
884 3872 1043 3959 poenituit
1065 3895 1118 3938 me
1141 3872 1224 3938 sorte
1246 3881 1396 3960 rogatum

593 3977 813 4045 Sahaeornm⁴
836 4002 937 4066 regno
960 3979 1070 4044 dicere
1092 3979 1263 4066 persimile.

433 4111 638 4122 ———

516 4152 522 4162 ’
541 4185 550 4217 ¹
569 4189 645 4240 conr.
665 4188 717 4240 vu.
736 4189 749 4240 1
767 4205 811 4256 μς.
830 4185 866 4241 ts
885 4189 945 4239 aun.
966 4187 990 4240 1.

540 4273 552 4306 ’
569 4279 633 4329 Post
651 4276 718 4330 haee
737 4277 832 4330 ultima
850 4279 951 4344 pagina
963 4277 1087 4329 editionis
1104 4278 1257 4344 subscripta
1268 4285 1376 4330 exstent
1387 4279 1462 4332 haee:
1475 4280 1572 4332 Orneo-

432 4365 493 4418 vias
512 4366 582 4432 apud
601 4366 709 4417 viduatu
727 4366 847 4418 Floriani
863 4367 983 4434 llnglerii
996 4383 1068 4418 anne
1078 4367 1282 4434 poetchristurn
1295 4375 1389 4421 natum
1402 4369 1572 4421 sinuum

433 4455 490 4507 cu.
510 4456 551 4507 An
572 4495 577 4506 .

392 4551 395 4554 ·
540 4473 645 4596 'geom
665 4544 718 4598 206
741 4569 764 4590 ι
790 4563 840 4596 uss.
859 4545 902 4599 83.
922 4547 1036 4599 Carmen
1055 4548 1183 4614 seriptum
1203 4553 1326 4599 estante
1345 4563 1369 4600 a
1389 4545 1467 4602 1548.

539 4631 609 4688 ⁴rie
627 4651 675 4686 une.
