4109 5767
916 745 952 780 un
969 743 1079 782 ceroma
1096 745 1175 782 ruera.
1523 716 1586 796 151

643 934 690 998 At
712 943 883 1022 postquem
906 933 997 1000 furor
1020 944 1117 1023 atque
1136 936 1239 1000 animi
1254 935 1588 1026 discordiapraeceps

472 1058 521 1104 eo.
552 1035 713 1104 Gentibus
735 1039 878 1125 incessit,
899 1039 1062 1126 regnandi
1084 1048 1116 1106 et
1138 1041 1251 1128 iniqua
1274 1040 1406 1129 cupido:

556 1143 742 1231 Sanctaque
763 1145 894 1232 cognati
917 1145 1015 1212 cessit
1036 1146 1220 1212 reverentia
1241 1147 1332 1213 iuris.

644 1249 701 1315 Ius
723 1250 829 1338 primo
850 1250 999 1338 ignotum
1021 1249 1128 1318 saeclo
1150 1251 1338 1340 mundoque
1359 1253 1482 1321 recenti

555 1356 732 1421 Armorum
754 1355 897 1444 bellique
918 1355 1041 1442 datum,
1063 1355 1165 1423 tutela
1188 1358 1304 1446 suique

555 1461 599 1526 lit
621 1483 738 1550 rerum,
761 1464 898 1551 sumptis
922 1485 981 1529 sna
1004 1485 1103 1552 seque
1124 1465 1246 1531 tuerier
1267 1466 1376 1552 armis,

471 1589 522 1634 aa.
552 1568 657 1658 Inque
678 1569 802 1638 hostem
825 1569 899 1638 telis
921 1578 954 1638 et
975 1580 1087 1660 aperto
1110 1593 1243 1660 surgere
1266 1581 1378 1639 marte

554 1675 625 1745 Neo
647 1677 727 1744 satis
749 1675 824 1761 hoe3
847 1675 973 1746 hostem
997 1677 1136 1767 spoliare
1158 1687 1191 1746 et
1213 1687 1357 1747 atemere
1377 1678 1442 1748 letc

554 1780 611 1847 Ios
634 1781 705 1869 suit,
727 1783 880 1849 immanis
902 1783 966 1849 nisi
989 1805 1067 1850 cum
1090 1784 1261 1852 clementia
1284 1785 1400 1852 Martis

554 1886 643 1953 Rura
664 1886 789 1956 hostem
811 1889 948 1976 emptori
971 1890 1138 1977 captivum
1160 1889 1318 1978 compede
1340 1902 1457 1978 servat,

555 1993 662 2074 Quem
685 2001 758 2081 post
779 1994 850 2082 ipse
872 2017 972 2060 manu
995 2004 1166 2061 numerato
1186 1994 1302 2063 liberet
1324 2018 1408 2084 aere,

473 2119 522 2166 ao.
552 2100 622 2166 Aut
644 2097 786 2167 melioris
808 2098 878 2167 heri
901 2101 1017 2191 eripiat
1040 2099 1212 2169 clamantia
1234 2102 1338 2168 maior

555 2206 695 2276 Servitio
717 2205 863 2297 duroque
885 2209 963 2296 iugo
984 2208 1137 2295 vitaeque
1159 2208 1323 2297 malignae
1333 2213 1353 2275 ¹.

643 2316 739 2383 Tunc
761 2316 903 2407 primurn
925 2325 1039 2404 gentes
1061 2316 1221 2385 discretae
1243 2325 1276 2385 ct
1299 2316 1431 2385 condita
1452 2339 1567 2406 regne:

553 2422 703 2490 Invisum
725 2422 849 2490 domini
872 2447 989 2491 nornen
1010 2424 1077 2493 lete
1099 2425 1204 2492 audiit
1226 2425 1327 2510 orbia3

554 2531 658 2618 Tunc,
681 2539 770 2618 tunc,
793 2553 877 2619 quae
898 2531 989 2597 nullo
1011 2531 1185 2599 distinctae
1207 2531 1312 2599 limita
1334 2541 1440 2599 terroe

471 2659 520 2702 aa.
551 2637 683 2722 Quique
705 2636 783 2703 olim
805 2636 904 2703 nullis
929 2637 1050 2725 signati
1071 2637 1193 2704 finibus
1216 2639 1286 2727 agri

554 2743 717 2811 Omnibus
740 2743 878 2810 utendos
901 2765 972 2810 sese
994 2753 1026 2810 et
1049 2767 1109 2809 sna
1131 2745 1204 2810 iura
1227 2744 1355 2830 dedere,

555 2848 667 2915 Certos
689 2850 857 2937 accipiunt
879 2848 1036 2935 dominos,
1058 2850 1220 2939 certisque
1243 2859 1398 2916 notantur

557 2953 745 3040 Limitibus3
767 2954 867 3022 ducto
890 2955 953 3022 sibi
976 2964 1057 3023 tunc
1080 2956 1223 3044 signavit
1246 2966 1354 3022 aratro

556 3061 714 3148 Quaeque
736 3085 813 3130 suus
836 3062 933 3132 urbcs
955 3085 1049 3153 gans;
1072 3062 1130 3130 alti
1153 3085 1324 3153 assurgere
1345 3063 1432 3130 muri

473 3193 521 3238 to.
551 3172 647 3238 Tunc
667 3171 810 3260 primum
833 3193 967 3260 coepere
990 3193 1156 3258 cavaeque
1178 3170 1220 3237 ad
1243 3169 1351 3239 sidera
1372 3181 1478 3239 turres

555 3279 747 3367 Moeniaque
769 3278 917 3366 ingentes
940 3278 1005 3344 lete
1028 3279 1232 3346 circumdare
1253 3279 1369 3346 fossae

554 3384 682 3452 Venere
704 3393 737 3450 et
759 3393 848 3452 certa
870 3384 1066 3451 commercia
1087 3393 1202 3450 mutua
1222 3384 1296 3472 lege

554 3489 738 3576 Vinclaque
759 3487 914 3578 legitimis
936 3512 995 3555 nos
1018 3487 1255 3578 obstringentia
1277 3489 1380 3556 nodis.

556 3595 723 3661 Hactenus
745 3594 926 3660 humanum
947 3617 1052 3682 genua
1075 3616 1171 3660 nsum
1193 3594 1321 3682 legibus
1343 3595 1459 3662 iisdem
1481 3605 1539 3682 est,

472 3721 520 3766 aa.
551 3699 616 3768 Seu
639 3723 723 3788 quac
746 3701 909 3768 nascentis
933 3702 1053 3769 tenoris
1075 3699 1208 3768 haesere
1232 3699 1384 3768 medullis

554 3807 672 3874 Mundi
694 3807 771 3874 olim
793 3817 826 3875 et
848 3808 950 3874 vitam
973 3830 1033 3873 noa
1055 3807 1215 3876 edocuere
1236 3807 1374 3895 beatam,

555 3913 620 3983 Seu
644 3938 726 4003 quas
748 3925 921 4004 postquam
943 3915 1018 3981 illae
1041 3925 1217 4004 coeperunt
1239 3914 1355 3982 cedere
1376 3925 1463 3982 retro

554 4021 598 4086 Et
621 4043 751 4088 sursum
774 4022 853 4089 ferri
876 4023 1000 4089 crimen
1024 4031 1171 4088 nostrnrn
1194 4031 1291 4110 atque
1313 4021 1473 4107 deorsum,

555 4126 678 4193 Infelix
701 4149 772 4194 sero
795 4129 924 4217 sapiens
947 4127 1010 4194 sibi
1033 4127 1180 4195 condidit
1202 4127 1299 4194 orbia

472 4253 521 4299 eo.
550 4234 629 4300 Post
651 4243 769 4322 tamen,
791 4243 828 4301 ut
850 4235 953 4301 muris
976 4235 1151 4302 cinxerunt
1173 4233 1293 4323 oppida
1315 4243 1428 4325 gentes

554 4341 746 4431 Moeniaque
768 4342 877 4410 hostili
899 4342 964 4411 late
986 4365 1164 4432 opposuere
1187 4343 1298 4429 furori,

553 4449 604 4517 Ne
626 4473 691 4538 qua
712 4451 799 4539 ipsos
821 4451 906 4518 inter
928 4451 1016 4518 cives
1040 4450 1228 4518 malesuada
1249 4450 1352 4517 libido

556 4697 565 4730 ¹
584 4699 650 4754 Inde
668 4702 703 4752 ab
721 4699 799 4752 initio
817 4699 943 4752 carminis
962 4715 1046 4767 usqne
1064 4699 1097 4752 ad
1116 4699 1189 4752 hunc
1206 4715 1314 4752 versum
1331 4707 1460 4752 acuatur
1477 4699 1587 4751 inmar-

445 4787 511 4858 φο
527 4787 590 4842 libri
607 4788 694 4842 Ouol.
712 4787 747 4842 ad
766 4787 886 4857 ringulae
905 4795 996 4857 partu
1008 4788 1061 4842 loci
1074 4789 1140 4840 iuris
1152 4790 1265 4851 mmaui,
1283 4788 1381 4856 qulbus
1393 4795 1473 4857 poeta
1483 4789 1591 4841 nititure
