4109 5767
501 466 592 483 γ’
606 465 723 475 „-
885 395 913 431 ¹¹
931 394 1061 432 romam
1079 394 1271 432 suso-unsa.
1578 380 1644 447 275

614 592 777 681 Moschus,
800 593 918 680 Tusca,
941 592 1085 683 Scythae
1107 592 1259 681 laqueum
1279 592 1341 659 sibi
1358 604 1486 661 nacterc
1501 604 1645 682 possunt,

667 698 889 767 Formidauda
911 699 1031 789 quibus
1054 700 1132 766 uuio
1155 699 1243 767 facta
1265 700 1339 766 coit

549 828 581 872 a.
612 807 710 893 Quin,
740 806 827 895 quod
849 830 905 875 cas
927 817 1073 876 metuant
1095 806 1258 895 Moschus,
1288 806 1421 898 Scytha,
1443 808 1561 895 Tusca,
1589 831 1647 875 uc-

666 1019 819 1106 Tautum‚
841 1020 931 1107 quod
950 1028 1116 1107 ncqusunt
1138 1018 1276 1107 singula,
1298 914 1555 1087 iuntithoexlchii

1055 1214 1100 1283 11.

615 1340 734 1408 Audiit
756 1350 793 1408 ut
816 1340 943 1417 cludam
964 1341 1119 1419 Moschus
1142 1352 1347 1432 stragemque
1371 1364 1513 1430 suorum,

669 1450 745 1531 Qua
766 1451 983 1518 Lituaucrum
1005 1460 1055 1517 cst
1076 1459 1265 1519 exsaturata
1287 1473 1413 1538 manus,

616 1557 781 1644 Ingemuit
802 1555 961 1645 (luxitque
983 1557 1058 1623 sinu
1082 1557 1223 1646 suspiria
1244 1556 1286 1625 ab
1309 1556 1383 1642 imo,

671 1664 714 1728 Et
735 1662 881 1730 lacrimis
903 1673 1046 1730 maestae
1069 1662 1296 1757 comsnaducra
1318 1684 1430 1751 ganas.

552 1788 584 1833 s.
616 1768 719 1835 Audit
741 1778 775 1836 at
796 1778 834 1836 ut
855 1769 984 1837 iunctos
1005 1768 1165 1836 Lituauos
1186 1790 1258 1865 cass
1279 1767 1412 1836 Polouis

670 1876 721 1961 lit,
743 1874 809 1942 (luc
831 1898 915 1965 quac
937 1876 1068 1943 fucrant
1089 1897 1233 1965 corpora,
1256 1896 1374 1964 corpus
1396 1872 1495 1942 itlsm:

621 1983 774 2067 „Pectora
796 2005 862 2049 uon
885 1982 965 2049 satis
987 1992 1038 2050 ast
1060 1982 1201 2070 suspiria
1222 1981 1343 2049 duccrs
1366 1982 1408 2048 ab
1430 1981 1504 2067 imo,

670 2088 744 2154 Nou
767 2088 848 2174 sat“,
870 2089 925 2175 ait,
951 2088 1128 2183 „lacrimas
1145 2086 1283 2155 fuudsrs
1305 2110 1383 2155 cum
1403 2088 1536 2176 gemitu.

617 2195 683 2261 Res
705 2195 797 2263 vauit
819 2194 861 2261 sd
884 2196 1010 2289 usstim3
1033 2194 1125 2284 coepi
1148 2196 1247 2261 missu
1269 2202 1345 2261 ants
1367 2193 1482 2283 potius,

533 2325 584 2366 ιο.
671 2302 734 2367 His
757 2325 822 2368 uuo
845 2302 942 2399 factis
964 2324 1107 2390 corpora,
1130 2302 1196 2394 iam
1215 2301 1328 2389 perii“.
1378 2304 1383 2311 '

1055 2566 1116 2665 ns

859 2752 863 2759 ·
887 2724 931 2777 Aa
949 2738 1045 2789 regem
1063 2724 1161 2775 eadem
1178 2724 1214 2775 dc
1231 2738 1270 2775 rs.

617 2854 705 2919 Uuio
728 2851 818 2920 facts
839 2852 943 2933 duum
964 2853 1175 2961 Ropuloruu·
1190 2856 1348 2942 Auguste,
1370 2863 1500 2947 tuorum

670 2960 739 3045 Est,
761 2961 876 3047 quanti
898 2961 934 3025 iu
956 2962 1058 3043 tcrris¹
1073 2961 1152 3026 unio
1174 2960 1285 3051 nullus
1307 2961 1378 3055 erit

1042 3154 1122 3221 1v.¹

617 3278 729 3345 Unum
752 3278 793 3347 dc
816 3280 956 3369 geminis
978 3280 1108 3370 populis
1129 3282 1185 3369 qui
1210 3280 1333 3367 feccrit,
1356 3289 1451 3367 curat,

670 3387 706 3453 Si
730 3396 829 3475 caput
850 3387 948 3474 hunc,
970 3386 1065 3453 illum
1088 3389 1116 3454 si
1138 3382 1231 3468 i'ubct
1251 3410 1322 3455 csse
1344 3387 1453 3477 podas.

600 3492 688 3558 Nec
711 3492 831 3574 durata
852 3502 969 3583 potcst3
991 3494 1045 3559 vis
1066 3492 1163 3561 duret
1184 3503 1327 3583 tempore
1349 3493 1469 3582 longo?

669 3598 835 3666 Dextrum
857 3590 960 3687 illum,
982 3599 1114 3667 lacuum
1135 3598 1224 3667 huuc
1247 3600 1381 3667 iusseris
1403 3599 1592 3667 oscalatus.

1058 3791 1099 3857 V.

617 3915 758 4001 iungere
779 3914 835 4001 qui
859 3924 949 3981 curto
971 3914 1107 4003 populos
1129 3915 1203 3982 vult
1223 3915 1363 4003 foedera,
1386 3924 1501 4004 pcccut

672 4019 708 4089 Si
732 4028 830 4107 caput
851 4018 949 4108 huuc„
972 4019 1066 4102 illum
1089 4021 1117 4087 si
1140 4021 1231 4090 iubet
1252 4044 1324 4089 casa
1345 4021 1454 4111 pcdcs.

511 4191 721 4201 -n--m--oe

598 4280 602 4285 '
623 4270 630 4300 ¹
650 4274 681 4323 lu
700 4288 748 4323 cus.
771 4270 840 4323 nihil
864 4272 1064 4339 lambitur,
1090 4274 1177 4342 spatio
1201 4280 1307 4327 tuntum
1331 4274 1483 4327 intermisso
1507 4273 1546 4341 (iu
1573 4272 1652 4326 csscl.

508 4361 595 4413 stium
615 4362 687 4412 tinea
703 4361 795 4430 ducta)
813 4376 922 4413 carmon
940 4360 992 4415 hcc
1009 4377 1027 4413 s
1045 4364 1165 4430 proximo
1182 4362 1365 4431 distinguitur.

1497 4566 1549 4623 18·
