4109 5767
735 726 771 761 D}
790 725 931 764 ”nulli
949 727 1104 765 imilla!
1123 729 1180 765 ΙΝ·

495 914 663 1001 cracovia,
685 937 806 1003 magna
828 914 894 983 late
916 917 1090 983 eomitante
1113 925 1252 1002 aeterra,

497 1019 585 1085 lllx'it
614 1019 721 1101 Quem
742 1020 885 1108 phaleris
906 1020 1110 1110 maculisque
1130 1021 1270 1108 insignis
1292 1029 1324 1086 et
1346 1019 1421 1086 elbo

417 1144 466 1192 ιι.
495 1124 607 1190 Portet
628 1146 745 1214 equus3
769 1126 850 1192 nitet
872 1125 943 1213 ipse
965 1147 1045 1192 auro
1067 1148 1260 1214 gemmaque
1281 1124 1426 1212 micanti,

495 1229 691 1318 Perstringit
713 1229 841 1317 fulgore
862 1230 974 1297 oeulos
995 1229 1172 1316 turbatque
1194 1231 1310 1316 nitore3

495 1334 612 1424 Regali
636 1337 783 1425 sequitur
804 1336 908 1426 pubes
930 1359 1027 1424 quem
1050 1336 1221 1426 splendida
1242 1335 1334 1404 luxu

587 1443 660 1509 Hoo
683 1464 811 1532 quoque
834 1465 954 1509 munus
976 1442 1045 1510 obit
1067 1443 1160 1510 fortis
1183 1441 1376 1510 Latalitius¹
1399 1441 1506 1532 heros,

497 1549 572 1630 Quo
595 1549 730 1648 duetore
753 1550 858 1618 omnis
881 1573 952 1618 sese
970 1551 1135 1618 Poenania
1157 1549 1232 1618 letis

414 1679 464 1726 oo.
494 1657 643 1725 Effundit
666 1658 790 1748 eampis
812 1666 910 1748 atque
931 1657 1040 1726 hostes
1063 1669 1153 1727 aroet
1174 1657 1216 1725 ab
1240 1680 1319 1748 agro

497 1765 688 1855 Sermatioo,
710 1765 914 1857 eompletque
935 1766 1069 1835 inimioo
1089 1767 1248 1856 sanguine
1270 1787 1411 1854 eampos.

588 1873 715 1943 Obvius
739 1875 765 1942 it
787 1898 916 1964 quoque
938 1876 1072 1964 reginae
1094 1873 1350 1944 Smenosobius¹
1371 1872 1478 1962 beros,

494 1981 627 2048 Dueere
648 1981 795 2070 ploseeas
818 1982 906 2048 aoies
928 1982 983 2049 eui
1005 2004 1134 2048 summa
1155 1989 1305 2069 potestas,

495 2086 599 2153 (laius
622 2086 724 2152 duetu
746 2086 872 2152 bostem
894 2085 1056 2152 invadunt
1077 2086 1280 2172 Martemque
1303 2085 1456 2170 fatigant:

415 2210 464 2257 oo.
582 2191 754 2256 Finitimos
777 2199 814 2256 ιιι
835 2191 926 2258 venit
948 2213 1053 2279 αξιοι,
1075 2189 1213 2278 urbique
1233 2189 1429 2277 propinquat

496 2295 674 2364 cracoviae
696 2297 819 2385 regina,
842 2320 903 2364 sua
926 2306 962 2376 qt
984 2295 1039 2364 det
1062 2293 1209 2364 membra
1230 2295 1332 2384 quieti

495 2403 612 2492 longe
634 2403 721 2470 lesse
742 2403 806 2489 via,
828 2403 985 2470 Balieae⁸
1006 2403 1165 2470 suooessit
1186 2423 1349 2468 amoenae.

495 2507 625 2574 Interea
647 2530 742 2574 verso
764 2531 831 2574 nox
850 2507 986 2574 inoubat
1008 2506 1144 2574 humida
1167 2507 1257 2574 eaelo

496 2612 694 2703 Sidereoque
715 2611 854 2680 humiles
877 2614 1000 2708 solatur
1022 2613 1147 2680 lumine
1168 2621 1279 2679 terres.

415 2740 463 2786 ro.
580 2719 716 2786 Postera
738 2743 815 2788 eum
836 2719 945 2788 luoem
965 2720 1061 2787 terris
1083 2741 1201 2785 aurora
1222 2717 1363 2805 reduxit,

496 2824 636 2893 Sustulit
657 2837 690 2892 et
710 2826 887 2894 rutilns'se
908 2827 1038 2916 gurgite
1059 2824 1211 2893 Pboebns
1232 2824 1273 2892 eb
1297 2825 1372 2913 alto,

496 2931 638 3022 Corripit
659 2955 678 3000 e
699 2931 851 3000 thalamis
874 2956 945 3001 sese
967 2933 1081 3022 regina
1103 2934 1246 3022 petitque

496 3037 619 3110 Senatu
640 3063 723 3130 eras,
745 3039 855 3110 verbis
877 3041 934 3109 ubi
955 3041 1024 3109 liba
1045 3040 1231 3132 potentibus
1254 3041 1370 3131 ingens

495 3148 692 3241 Oeneipiunt
714 3173 836 3219 numen
858 3151 1050 3242 spiransque
1071 3161 1104 3219 et
1127 3149 1304 3219 beoohious
1325 3149 1444 3218 humor

412 3277 462 3324 ιι.
492 3255 670 3346 Sanguinis
692 3257 840 3326 induitur
861 3259 1003 3348 speeiem
1024 3267 1059 3326 et
1080 3280 1116 3326 se
1138 3257 1235 3325 solvit
1256 3258 1292 3323 in
1315 3257 1447 3324 uadem.

493 3363 611 3430 Audiit
632 3374 670 3432 ut
691 3387 822 3432 suerum
844 3365 1001 3454 divosque
1022 3366 1058 3432 in
1080 3374 1158 3433 vota
1179 3364 1310 3431 vocavit

494 3469 768 3559 Supplieibusqne
790 3471 893 3538 oeulis
915 3471 1026 3537 bausit
1048 3469 1202 3560 spirabile
1224 3492 1354 3557 numen,

492 3576 579 3642 Ante
600 3577 674 3643 viae
696 3600 795 3667 qnam
816 3601 852 3644 se
874 3577 986 3644 eredat
1008 3581 1099 3663 (nam
1121 3577 1188 3643 iam
1210 3599 1328 3642 aureas
1351 3574 1465 3642 orbem

494 3681 550 3749 Sol
571 3705 705 3748 mensus
727 3682 881 3768 medium,
903 3691 1018 3749 tenues
1041 3691 1249 3749 eontraxerat
1271 3680 1430 3768 umbras),

410 3804 460 3852 eo.
489 3787 667 3854 Disoubuit
689 3810 820 3855 mensae
841 3797 874 3854 et
896 3789 1000 3855 sooios
1022 3788 1228 3855 discumbere
1250 3788 1346 3853 iussit

491 3893 576 3978 Une,
599 3903 636 3958 at
657 3893 776 3960 deinde
797 3893 871 3959 viae
894 3916 965 3960 sese
987 3895 1188 3960 oommittere
1210 3893 1343 3981 possint

579 3997 775 4064 Sismundus
796 4007 876 4064 tune
899 3999 1070 4084 Augustus
1093 4020 1161 4083 rex,
1184 3997 1286 4064 altera
1309 3997 1416 4083 gentis

490 4101 689 4169 Sermatieee
710 4126 793 4192 spes,
816 4105 1008 4170 mmatioae
1030 4113 1063 4170 et
1085 4125 1171 4170 nova
1192 4101 1298 4190 gloria
1319 4103 1438 4190 gentis,

491 4207 642 4276 Priscum
663 4210 823 4277 maiorum
846 4233 968 4278 morem
990 4211 1153 4302 ritumque
1176 4219 1316 4298 mentua

411 4336 460 4383 eo.
490 4315 650 4407 Sponsam
670 4328 866 4407 exeepturus
888 4317 999 4385 multis
1022 4341 1099 4387 eum
1121 4317 1254 4386 milibus
1277 4318 1345 4384 exit

495 4493 663 4549 ιΙιιιιιιιὶιιι
685 4495 834 4549 laudetur
857 4496 1011 4563 (Latalrkl),
1039 4513 1118 4565 quem
1144 4503 1335 4550 oommemoret
1359 4493 1482 4550 Gblllart
1505 4509 1539 4554 v.

388 4580 452 4652 Μ,
469 4591 528 4638 erat
545 4583 682 4653 phalam
701 4585 899 4639 Posnanleaelr.

496 4669 508 4703 '
525 4671 601 4727 Felix
618 4669 753 4739 summ,
771 4672 907 4742 palatinus
925 4673 1072 4726 Pleoenslr.

497 4757 627 4827 'nene
645 4760 722 4814 deur
739 4776 822 4828 prope
840 4762 998 4815 Oraoorlem
1016 4762 1094 4818 altas.

497 4854 650 4897 ese-mr.
663 4854 682 4896 ι.
1405 4847 1424 4902 ι
