4109 5767
605 799 651 867 38
955 831 958 835 ·
1082 818 1160 853 rxrar
1180 817 1266 853 noran

1164 885 1370 894 -q—-n—
1645 885 1749 896 nnn—-

1645 899 1750 908 —

709 1010 838 1099 Regina
860 1033 937 1100 ergo
960 1009 1081 1099 oeulos,
1104 1009 1318 1077 iamdudum
1341 1031 1474 1079 eernere
1496 1011 1592 1098 fessa,

710 1118 851 1207 Avertit,
872 1141 935 1186 nee
957 1120 1023 1186 iam
1046 1129 1245 1210 argentoque
1267 1142 1411 1209 auroque
1433 1129 1580 1188 eutervus

710 1227 903 1317 squalentes
926 1239 1073 1317 spectare
1095 1226 1199 1294 oeulis
1221 1228 1308 1294 valet
1331 1227 1472 1316 amplius
1494 1229 1609 1315 aegria

605 1355 678 1403 suo.
707 1334 839 1400 Interea
860 1335 1015 1401 oeeiduas
1038 1333 1188 1401 Phoebus
1210 1333 1404 1422 properabat
1426 1333 1469 1401 ad
1492 1357 1565 1401 oras

607 1491 616 1498 .
712 1439 756 1505 Et
778 1440 899 1506 celeres
921 1439 1060 1528 urgebat
1082 1462 1190 1528 equos.
1219 1439 1330 1520 Quare
1351 1438 1488 1507 humida
1511 1463 1552 1506 ne
1575 1463 1610 1506 se

711 1545 837 1612 Inferet
859 1546 959 1634 inque
980 1547 1061 1633 ipsis
1084 1545 1207 1612 medios
1230 1570 1296 1613 nox
1318 1546 1447 1612 ooeulat
1470 1548 1567 1634 agris,

709 1651 782 1717 Iam
806 1651 932 1717 dudum
955 1650 1105 1718 dextram
1127 1651 1261 1718 dextrae
1283 1653 1481 1739 ooniungere
1503 1653 1620 1718 visum

799 1755 987 1823 Prooedunt
1009 1778 1087 1844 ergo
1109 1779 1168 1824 rex
1190 1767 1223 1822 et
1244 1759 1358 1844 regina
1380 1756 1441 1824 sub
1464 1759 1544 1845 ipsis

605 1882 678 1930 era.
709 1861 898 1930 Castrorum
920 1864 1042 1951 spatiis.
1075 1864 1232 1952 Aequatis
1255 1863 1405 1952 passibus
1427 1862 1520 1929 ibant

711 1969 900 2038 Castrorum
923 1970 965 2036 ad
988 1971 1142 2059 medium,
1165 1995 1229 2061 que
1251 1972 1376 2038 muriee
1398 1981 1484 2038 touta
1505 1970 1635 2038 rubenti

712 2076 841 2146 scindit
862 2078 904 2145 ab
928 2080 1082 2146 extremis
1105 2101 1257 2169 eampum
1278 2078 1388 2146 brevia
1411 2078 1516 2146 orbita
1538 2071 1671 2166 eastris;

710 2185 899 2252 Castrorum
921 2188 956 2252 in
978 2186 1095 2273 medio,
1117 2188 1238 2274 pariter
1260 2209 1324 2275 quo
1348 2188 1438 2253 venit
1461 2197 1603 2275 uterque,

713 2291 925 2380 coniungunt
944 2291 1077 2359 dextras
1098 2292 1276 2381 taedaeque
1298 2292 1418 2380 iugalis
1441 2314 1593 2358 amorem.

607 2418 680 2466 aso.
799 2399 873 2486 Hie,
895 2421 1093 2489 quamquem
1116 2391 1182 2464 toto
1203 2398 1354 2465 turbatus
1375 2408 1506 2488 peotore
1527 2421 1587 2465 rex
1609 2407 1671 2484 est5

609 2528 611 2532 ·
711 2505 858 2594 Reginae
881 2517 918 2572 ut
938 2507 1023 2573 vidit
1046 2505 1157 2572 vultus
1180 2506 1415 2595 flagrantiaque
1438 2529 1504 2594 ora,

714 2614 922 2705 Luminaque
944 2614 1085 2683 aetherei
1108 2613 1216 2682 radios
1239 2616 1413 2704 aequantia
1435 2614 1522 2704 solis,

712 2722 825 2790 Pauea
845 2725 957 2792 refert:
983 2723 1034 2813 „0
1057 2723 1147 2791 olera
1169 2723 1272 2791 oeulis
1295 2723 1354 2790 lux
1377 2723 1505 2792 reddita
1527 2724 1659 2812 nostris,

713 2830 761 2897 Ut
782 2831 915 2898 tandem
937 2833 1064 2922 aeeipio
1087 2835 1132 2899 tei
1155 2841 1191 2897 ut
1213 2831 1345 2899 tandem
1368 2853 1500 2899 eernere
1523 2853 1633 2898 eoram

609 2956 680 3003 ssu.
710 2937 767 3024 Te,
790 2936 897 3005 duleis
919 2961 992 3005 maa
1015 2962 1142 3028 sponsa,
1165 2939 1291 3006 datum!
1314 2962 1388 3005 mea
1410 2939 1478 3005 sola
1499 2936 1668 3027 voluptas3

712 3042 823 3112 Nostri
846 3066 865 3110 0
887 3067 961 3132 spes
983 3047 1086 3132 regni,
1109 3054 1237 3111 nostrae
1260 3067 1375 3132 ospes
1398 3067 1465 3110 una
1488 3043 1611 3131 salutis,

714 3148 880 3217 Sueoedas
901 3151 1020 3238 regnis
1048 3150 1151 3216 Dirae
1172 3149 1253 3216 haee
1275 3159 1333 3215 tue
1355 3172 1457 3237 regna
1478 3171 1605 3236 vocare,

714 3255 985 3346 Sauromataeque
1007 3267 1089 3344 tuos,
1110 3255 1162 3322 his
1184 3267 1234 3322 est
1256 3266 1288 3322 et
1310 3257 1466 3346 quiequid
1490 3257 1524 3322 in
1547 3254 1647 3322 oris“.

712 3361 853 3430 Dixerat
874 3373 907 3429 et
929 3362 1018 3430 dieta
1041 3363 1171 3452 egregio
1194 3365 1242 3430 sie
1265 3385 1320 3429 ora
1342 3372 1455 3429 aoeuta
1477 3373 1526 3428 ast

609 3491 681 3539 aaa.
711 3470 869 3560 Virginea
892 3473 1017 3538 suffusa
1039 3471 1150 3540 oeulos
1173 3473 1286 3562 regino
1309 3471 1438 3540 rubore:

718 3578 818 3668 „Rex‚
841 3579 1017 3669 Iagellonis
1039 3603 1143 3669 genus
1165 3591 1198 3648 et
1220 3581 1389 3647 verissima
1412 3581 1529 3668 imago,

715 3688 770 3753 Ad
793 3699 850 3754 tua
871 3711 924 3755 me
945 3700 1047 3777 pater,
1069 3689 1113 3755 ad
1135 3699 1192 3755 tue
1214 3711 1275 3775 ma
1297 3711 1355 3755 rex
1379 3690 1507 3777 optima
1530 3689 1629 3754 mittit

714 3794 855 3882 Limina,
878 3795 1018 3863 oonubia
1041 3807 1078 3862 ut
1098 3808 1195 3885 poeta
1218 3797 1425 3886 ineeptosque
1446 3797 1648 3888 hymenaeos

716 3900 875 3991 Expleam
897 3915 931 3971 et
952 3914 1118 3970 extremae
1140 3904 1321 3992 coniungar
1342 3903 1471 3971 foedere
1493 3903 1621 3995 taedas„

609 4030 681 4077 aaa.
712 4009 800 4077 Erue
825 4009 950 4098 adsum,
973 4022 1031 4078 tua
1052 4034 1179 4100 sponsa,
1202 4013 1268 4078 tuis
1290 4013 1508 4078 suecessimus
1531 4012 1628 4100 agris.

713 4115 815 4183 Nulla
837 4139 982 4205 unquam
1004 4118 1181 4204 indecores,
1205 4118 1334 4205 faeiem,
1358 4141 1416 4184 nos
1438 4128 1553 4206 arguet
1575 4129 1679 4204 aetas,

714 4223 990 4310 Austriaeumque
1007 4246 1112 4310 genus
1135 4245 1302 4310 nunquam
1326 4225 1466 4290 sociasse
1486 4223 1611 4312 pigebit

716 4326 924 4412 Iagelloneo¹
945 4330 1103 4416 regnique
1125 4329 1159 4392 in
1181 4338 1274 4416 parte
1295 4327 1450 4393 loeasse“.

717 4432 783 4498 Hie
805 4432 904 4500 finem
926 4433 1018 4499 fandi
1042 4433 1174 4500 Elisabe
1196 4433 1414 4522 pulcherrima
1436 4434 1522 4499 feeit

611 4560 685 4608 aso.
804 4539 941 4606 Talibus
963 4539 1112 4607 Elisabes
1135 4541 1232 4608 dietis
1254 4541 1363 4607 defixa
1385 4539 1516 4607 tenebat

717 4879 727 4911 ¹
746 4880 818 4935 Edit
838 4880 1053 4950 „hgotonaoou
