4109 5767
767 867 815 913 ss.
848 847 935 914 Huie
957 847 1101 915 studium
1125 848 1241 915 fruleire
1263 849 1372 915 Deum
1395 848 1540 915 labentia
1563 847 1650 926 laus,

849 957 956 1046 Lapsa
979 957 1160 1024 instaurans
1182 970 1214 1024 et
1237 981 1357 1048 magna
1380 981 1467 1025 nova
1489 956 1631 1024 (madere
1653 955 1746 1023 mule

849 1066 936 1132 Huie
959 1067 1071 1154 inopes
1094 1066 1237 1133 studium
1261 1067 1379 1134 viduas
1402 1067 1600 1155 miserosque
1623 1066 1715 1153 tueri,

850 1175 937 1242 lluie
957 1173 1103 1242 studium
1128 1176 1280 1266 populum
1306 1199 1410 1243 nmms
1434 1177 1599 1264 vitamque
1622 1175 1746 1261 (locem,

849 1285 969 1372 Vitam,
992 1308 1089 1373 quam
1113 1287 1254 1352 moriens
1277 1310 1336 1352 nrm
1360 1287 1473 1352 vivere
1496 1287 1592 1352 iussit
1614 1285 1714 1352 Iesus.

765 1412 815 1457 so.
846 1391 943 1458 (laeta
966 1393 1031 1456 viri
1054 1392 1170 1457 domus
1192 1405 1242 1457 est
1264 1393 1531 1480 ineulpatnmqne
1553 1393 1671 1458 eubile.

849 1495 951 1562 Irasei
974 1499 1087 1564 nescit
1118 1498 1182 1564 Seu
1206 1498 1290 1563 dura
1313 1497 1440 1564 solvere
1463 1520 1566 1585 poena

845 1603 1020 1689 Insontem,
1043 1605 1130 1670 iusta
1152 1627 1208 1670 seu
1232 1616 1356 1670 sontem
1380 1605 1452 1692 lege
1475 1605 1571 1671 aurire

848 1709 1039 1798 Conveniat,
1060 1711 1173 1799 prtaeul
1197 1723 1254 1777 artat
1277 1712 1363 1776 tinais
1385 1733 1497 1777 meere
1520 1711 1682 1800 pmfauos,

848 1820 961 1884 &rme
983 1819 1056 1886 iluit
1078 1818 1173 1886 lenis:
1196 1843 1265 1885 rem
1288 1820 1414 1908 perficit
1437 1842 1560 1908 aequm
1584 1830 1762 1906 utramque.

767 1946 822 1992 es.
846 1925 881 1993 Si
905 1925 947 1991 ad
971 1927 1099 1994 vultum
1122 1938 1268 2017 spectent
1290 1938 1323 1994 et
1346 1927 1442 1994 molle
1465 1928 1614 1995 sonantia
1636 1927 1747 2011 verbu,

849 2036 1004 2101 Evasisse
1027 2036 1074 2101 rei
1098 2058 1218 2124 poenas
1240 2036 1408 2123 legemque
1432 2036 1606 2123 putabunt:

849 2143 978 2229 Omnia,
1000 2142 1157 2230 quiequid
1181 2143 1236 2227 ait,
1258 2142 1388 2230 plaeido
1411 2143 1460 2207 sie
1483 2165 1539 2208 ore
1562 2142 1723 2230 prosatum

850 2251 939 2314 Lens
960 2249 1032 2315 iluit
1054 2271 1182 2336 semper
1204 2249 1269 2314 leni
1293 2248 1334 2313 de
1356 2260 1487 2336 peetore
1509 2270 1614 2314 sermo

851 2358 1044 2445 Erumpens.
1075 2356 1243 2436 Quantum
1266 2355 1390 2421 furiosa
1413 2355 1536 2421 ferocis
1558 2354 1671 2440 nescit,

767 2486 816 2532 aa.
848 2463 909 2531 llle
931 2464 1026 2531 hilari
1050 2465 1154 2531 vineit
1177 2463 1271 2530 vultu
1295 2464 1468 2554 verbisque
1490 2464 1648 2551 benignis

853 2575 951 2642 llune
974 2585 1103 2663 raptum
1126 2574 1221 2640 terris
1244 2572 1386 2660 voluisti,
1409 2574 1548 2662 pessime
1571 2584 1671 2661 vates,

851 2682 1001 2751 Crudelis
1024 2693 1125 2769 vates,
1149 2681 1291 2748 erudelis
1314 2692 1345 2748 et
1368 2683 1467 2771 impie
1490 2683 1604 2749 vates?

941 2794 1031 2858 Αῑιῐι
1055 2791 1187 2857 voluisti
1211 2792 1345 2856 amens?
1368 2790 1501 2856 voluisti
1524 2813 1566 2856 an
1590 2789 1715 2856 seilieet
1737 2788 1829 2874 illud,

852 2900 984 2965 Iniussn
1008 2898 1202 2985 nequando
1225 2908 1281 2964 tuo
1304 2897 1451 2964 discedat
1474 2897 1516 2964 ab
1540 2897 1621 2964 urbe

769 3028 818 3072 as.
849 3007 1000 3096 Optimus
1023 3007 1180 3072 antistes?
1202 3006 1273 3071 sine
1295 3017 1327 3070 te
1350 3028 1415 3071 non
1438 3007 1552 3073 efferat
1574 3004 1651 3071 aula

853 3115 914 3180 Ille
937 3113 1074 3202 pedem?
1097 3124 1162 3196 tua,
1185 3113 1246 3197 vis,
1270 3123 1378 3178 servet
1400 3113 1531 3179 decreta
1552 3123 1689 3199 tuosque

853 3219 970 3302 Natus,
992 3241 1073 3306 qnos
1096 3241 1202 3283 vannum
1225 3218 1324 3282 irruitis
1347 3218 1494 3283 mentiris
1517 3217 1559 3282 ab
1582 3217 1700 3282 nstris?

852 3327 985 3392 Selliuet
1007 3325 1068 3390 lum
1093 3325 1192 3390 liueint
1216 3336 1385 3412 servetque
1408 3324 1543 3390 l'uluniu
1565 3333 1654 3390 totu?

854 3436 1040 3501 Pannusum
1062 3456 1175 3523 nuper,
1198 3446 1344 3499 saturum
1369 3456 1429 3500 nee
1453 3431 1599 3522 pultibus
1622 3431 1705 3520 udis,

770 3567 821 3611 so.
852 3543 982 3628 Audite,
1006 3567 1025 3605 ο
1048 3564 1208 3630 proceres,
1230 3565 1272 3607 ex
1296 3542 1392 3606 astris
1417 3542 1484 3606 iata
1507 3542 1704 3629 loquenteml

853 3651 982 3734 Parete3
1005 3648 1094 3715 illius
1117 3649 1212 3715 vohis
1235 3650 1366 3715 decreta
1390 3650 1510 3715 secutis

853 3759 974 3824 Omnia
997 3767 1068 3822 tuta
1091 3756 1218 3842 eadent,
1242 3757 1373 3822 fortuna
1396 3756 1530 3822 accedet
1553 3765 1586 3822 et
1608 3757 1695 3822 anni.

854 3865 949 3932 lllius
973 3887 1067 3931 nemo
1090 3866 1215 3931 iniussu
1240 3887 1389 3953 gressum
1412 3867 1525 3931 ellerat
1549 3864 1638 3949 urbe,

854 3975 957 4040 Nemo
981 3973 1085 4059 dome,
1108 3997 1203 4039 nemo
1226 3974 1287 4040 hoe
1311 3975 1443 4059 audens,
1467 3996 1561 4038 nemu
1584 3972 1714 4040 inehoet
1737 3973 1842 4041 illud?

772 4105 821 4150 aa.
852 4083 930 4149 Sive
953 4104 1056 4147 novas
1079 4083 1217 4166 scindat,
1240 4084 1311 4147 sive
1334 4082 1448 4147 induat
1470 4082 1526 4147 ille
1549 4081 1708 4167 lacernas,

855 4191 953 4253 Astra
976 4188 1120 4254 videnda
1142 4190 1254 4276 prius?
1285 4189 1338 4253 Nil
1364 4211 1427 4253 non
1452 4187 1663 4253 suadentibus
1687 4188 1784 4253 astris
1870 4243 1875 4251 ,

854 4295 1063 4363 Tentandum
1087 4307 1136 4362 est
1158 4295 1303 4361 homini?
1333 4296 1468 4361 Dictent
1490 4295 1553 4360 nisi
1577 4294 1694 4381 sidera,
1718 4316 1812 4361 nemo

856 4403 977 4491 Carpat
1000 4405 1063 4469 iter
1084 4426 1275 4491 gressumve
1299 4427 1356 4468 sua
1381 4416 1474 4469 extra
1497 4403 1610 4468 limina
1635 4402 1769 4469 tendat?

858 4743 866 4775 ¹
886 4746 931 4798 Sia
950 4761 996 4811 pm
1016 4749 1094 4810 „amn
