<?xml version="1.0" encoding="UTF-8"?>
<!DOCTYPE html PUBLIC "-//W3C//DTD XHTML 1.0 Transitional//EN"
    "http://www.w3.org/TR/xhtml1/DTD/xhtml1-transitional.dtd">
<html xmlns="http://www.w3.org/1999/xhtml" xml:lang="en" lang="en">
 <head>
  <title>
</title>
<meta http-equiv="Content-Type" content="text/html;charset=utf-8" />
  <meta name='ocr-system' content='tesseract 3.04.00' />
  <meta name='ocr-capabilities' content='ocr_page ocr_carea ocr_par ocr_line ocrx_word'/>
</head>
<body>
  <div class='ocr_page' id='page_1' title='image "./petriroyziimaur00morogoog_0232.png"; bbox 0 0 4109 5767; ppageno 0'>
   <div class='ocr_carea' id='block_1_1' title="bbox 583 771 1237 838">
    <p class='ocr_par' dir='ltr' id='par_1_1' title="bbox 583 771 1237 838">
     <span class='ocr_line' id='line_1_1' title="bbox 583 771 1237 838; baseline -0.005 -10"><span class='ocrx_word' id='word_1_1' title='bbox 583 771 646 838; x_wconf 79' lang='grc'><strong>106</strong></span> <span class='ocrx_word' id='word_1_2' title='bbox 1052 789 1129 827; x_wconf 76' lang='lat' dir='ltr'><strong>strar</strong></span> <span class='ocrx_word' id='word_1_3' title='bbox 1149 788 1237 826; x_wconf 68' lang='lat' dir='ltr'><strong>norun</strong></span> 
     </span>
    </p>
   </div>
   <div class='ocr_carea' id='block_1_2' title="bbox 585 982 1666 2693">
    <p class='ocr_par' dir='ltr' id='par_1_2' title="bbox 585 982 1666 2693">
     <span class='ocr_line' id='line_1_2' title="bbox 687 982 1499 1071; baseline -0.001 -19"><span class='ocrx_word' id='word_1_4' title='bbox 687 985 851 1070; x_wconf 80' lang='lat' dir='ltr'><strong>Fulserat3</strong></span> <span class='ocrx_word' id='word_1_5' title='bbox 874 983 1002 1051; x_wconf 86' lang='lat' dir='ltr'><strong>inferiis</strong></span> <span class='ocrx_word' id='word_1_6' title='bbox 1025 984 1134 1050; x_wconf 86' lang='lat' dir='ltr'><strong>dietus</strong></span> <span class='ocrx_word' id='word_1_7' title='bbox 1156 984 1392 1050; x_wconf 84' lang='lat' dir='ltr'><strong>maestissimus</strong></span> <span class='ocrx_word' id='word_1_8' title='bbox 1411 982 1467 1051; x_wconf 90' lang='lat' dir='ltr'><strong>ille</strong></span> <span class='ocrx_word' id='word_1_9' title='bbox 1478 989 1499 1071; x_wconf 88' lang='lat'><strong>¹,</strong></span> 
     </span>
     <span class='ocr_line' id='line_1_3' title="bbox 686 1091 1534 1182; baseline -0.004 -19"><span class='ocrx_word' id='word_1_10' title='bbox 686 1093 748 1163; x_wconf 90' lang='lat' dir='ltr'><strong>Ille</strong></span> <span class='ocrx_word' id='word_1_11' title='bbox 770 1093 849 1181; x_wconf 86' lang='lat' dir='ltr'><strong>dies,</strong></span> <span class='ocrx_word' id='word_1_12' title='bbox 872 1092 993 1160; x_wconf 81' lang='lat' dir='ltr'><strong>selsam</strong></span> <span class='ocrx_word' id='word_1_13' title='bbox 1016 1115 1092 1161; x_wconf 84' lang='lat' dir='ltr'><strong>aum</strong></span> <span class='ocrx_word' id='word_1_14' title='bbox 1116 1094 1227 1182; x_wconf 85' lang='lat' dir='ltr'><strong>magni</strong></span> <span class='ocrx_word' id='word_1_15' title='bbox 1250 1093 1337 1181; x_wconf 84' lang='lat' dir='ltr'><strong>regis</strong></span> <span class='ocrx_word' id='word_1_16' title='bbox 1360 1091 1402 1159; x_wconf 86' lang='lat' dir='ltr'><strong>ad</strong></span> <span class='ocrx_word' id='word_1_17' title='bbox 1426 1091 1534 1160; x_wconf 86' lang='lat' dir='ltr'><strong>aulam</strong></span> 
     </span>
     <span class='ocr_line' id='line_1_4' title="bbox 686 1201 1497 1293; baseline -0.002 -22"><span class='ocrx_word' id='word_1_18' title='bbox 686 1203 870 1271; x_wconf 83' lang='lat' dir='ltr'><strong>Turmatim</strong></span> <span class='ocrx_word' id='word_1_19' title='bbox 892 1202 1061 1293; x_wconf 72' lang='lat' dir='ltr'><strong>plenisque</strong></span> <span class='ocrx_word' id='word_1_20' title='bbox 1083 1203 1146 1270; x_wconf 88' lang='lat' dir='ltr'><strong>viis</strong></span> <span class='ocrx_word' id='word_1_21' title='bbox 1170 1201 1246 1269; x_wconf 88' lang='lat' dir='ltr'><strong>imle</strong></span> <span class='ocrx_word' id='word_1_22' title='bbox 1269 1203 1336 1270; x_wconf 88' lang='lat' dir='ltr'><strong>itur</strong></span> <span class='ocrx_word' id='word_1_23' title='bbox 1356 1212 1389 1270; x_wconf 91' lang='lat' dir='ltr'><strong>et</strong></span> <span class='ocrx_word' id='word_1_24' title='bbox 1412 1202 1497 1270; x_wconf 90' lang='lat' dir='ltr'><strong>inde.</strong></span> 
     </span>
     <span class='ocr_line' id='line_1_5' title="bbox 586 1311 1418 1403; baseline -0.002 -22"><span class='ocrx_word' id='word_1_25' title='bbox 586 1336 654 1382; x_wconf 88' lang='lat' dir='ltr'><strong>rao.</strong></span> <span class='ocrx_word' id='word_1_26' title='bbox 688 1314 793 1403; x_wconf 86' lang='lat' dir='ltr'><strong>Regia</strong></span> <span class='ocrx_word' id='word_1_27' title='bbox 813 1312 965 1380; x_wconf 83' lang='lat' dir='ltr'><strong>lamentis</strong></span> <span class='ocrx_word' id='word_1_28' title='bbox 990 1311 1179 1403; x_wconf 86' lang='lat' dir='ltr'><strong>ululatuque</strong></span> <span class='ocrx_word' id='word_1_29' title='bbox 1201 1312 1311 1380; x_wconf 79' lang='lat' dir='ltr'><strong>exuite</strong></span> <span class='ocrx_word' id='word_1_30' title='bbox 1333 1313 1418 1379; x_wconf 87' lang='lat' dir='ltr'><strong>tristi</strong></span> 
     </span>
     <span class='ocr_line' id='line_1_6' title="bbox 687 1420 1465 1509; baseline -0.001 -21"><span class='ocrx_word' id='word_1_31' title='bbox 687 1422 832 1489; x_wconf 77' lang='lat' dir='ltr'><strong>Auditur</strong></span> <span class='ocrx_word' id='word_1_32' title='bbox 853 1421 929 1508; x_wconf 85' lang='lat' dir='ltr'><strong>late,</strong></span> <span class='ocrx_word' id='word_1_33' title='bbox 950 1422 1130 1509; x_wconf 85' lang='lat' dir='ltr'><strong>maestique</strong></span> <span class='ocrx_word' id='word_1_34' title='bbox 1153 1420 1194 1488; x_wconf 89' lang='lat' dir='ltr'><strong>od</strong></span> <span class='ocrx_word' id='word_1_35' title='bbox 1219 1422 1326 1488; x_wconf 84' lang='lat' dir='ltr'><strong>sidere</strong></span> <span class='ocrx_word' id='word_1_36' title='bbox 1349 1431 1465 1488; x_wconf 79' lang='lat' dir='ltr'><strong>nantas</strong></span> 
     </span>
     <span class='ocr_line' id='line_1_7' title="bbox 687 1528 1563 1617; baseline 0 -23"><span class='ocrx_word' id='word_1_37' title='bbox 687 1528 884 1594; x_wconf 76' lang='lat' dir='ltr'><strong>Pontificum</strong></span> <span class='ocrx_word' id='word_1_38' title='bbox 907 1539 1084 1615; x_wconf 86' lang='lat' dir='ltr'><strong>eoetasque</strong></span> <span class='ocrx_word' id='word_1_39' title='bbox 1107 1530 1202 1615; x_wconf 81' lang='lat' dir='ltr'><strong>sauri,</strong></span> <span class='ocrx_word' id='word_1_40' title='bbox 1225 1531 1280 1617; x_wconf 91' lang='lat' dir='ltr'><strong>qui</strong></span> <span class='ocrx_word' id='word_1_41' title='bbox 1304 1528 1464 1617; x_wconf 90' lang='lat' dir='ltr'><strong>plurimus</strong></span> <span class='ocrx_word' id='word_1_42' title='bbox 1488 1538 1563 1594; x_wconf 86' lang='lat' dir='ltr'><strong>ants</strong></span> 
     </span>
     <span class='ocr_line' id='line_1_8' title="bbox 690 1634 1610 1722; baseline -0.004 -19"><span class='ocrx_word' id='word_1_43' title='bbox 690 1634 762 1703; x_wconf 87' lang='lat' dir='ltr'><strong>Stat</strong></span> <span class='ocrx_word' id='word_1_44' title='bbox 784 1656 895 1721; x_wconf 89' lang='lat' dir='ltr'><strong>regem</strong></span> <span class='ocrx_word' id='word_1_45' title='bbox 917 1635 1102 1701; x_wconf 83' lang='lat' dir='ltr'><strong>exanimem</strong></span> <span class='ocrx_word' id='word_1_46' title='bbox 1125 1636 1202 1701; x_wconf 87' lang='lat' dir='ltr'><strong>teeti</strong></span> <span class='ocrx_word' id='word_1_47' title='bbox 1225 1636 1260 1700; x_wconf 92' lang='lat' dir='ltr'><strong>in</strong></span> <span class='ocrx_word' id='word_1_48' title='bbox 1283 1634 1503 1722; x_wconf 77' lang='lat' dir='ltr'><strong>penetralibus</strong></span> <span class='ocrx_word' id='word_1_49' title='bbox 1527 1634 1610 1699; x_wconf 86' lang='lat' dir='ltr'><strong>altis.</strong></span> 
     </span>
     <span class='ocr_line' id='line_1_9' title="bbox 775 1739 1628 1829; baseline -0.004 -21"><span class='ocrx_word' id='word_1_50' title='bbox 775 1742 864 1808; x_wconf 78' lang='lat' dir='ltr'><strong>Ileoe</strong></span> <span class='ocrx_word' id='word_1_51' title='bbox 886 1750 1004 1827; x_wconf 83' lang='lat' dir='ltr'><strong>autem,</strong></span> <span class='ocrx_word' id='word_1_52' title='bbox 1028 1740 1132 1807; x_wconf 85' lang='lat' dir='ltr'><strong>mults</strong></span> <span class='ocrx_word' id='word_1_53' title='bbox 1155 1739 1210 1807; x_wconf 86' lang='lat' dir='ltr'><strong>hio</strong></span> <span class='ocrx_word' id='word_1_54' title='bbox 1233 1750 1425 1829; x_wconf 78' lang='lat' dir='ltr'><strong>consumpta</strong></span> <span class='ocrx_word' id='word_1_55' title='bbox 1447 1752 1539 1829; x_wconf 90' lang='lat' dir='ltr'><strong>purte</strong></span> <span class='ocrx_word' id='word_1_56' title='bbox 1563 1740 1628 1807; x_wconf 89' lang='lat' dir='ltr'><strong>diei</strong></span> 
     </span>
     <span class='ocr_line' id='line_1_10' title="bbox 586 1848 1572 1940; baseline -0.002 -23"><span class='ocrx_word' id='word_1_57' title='bbox 586 1874 653 1918; x_wconf 82' lang='lat' dir='ltr'><strong>ros.</strong></span> <span class='ocrx_word' id='word_1_58' title='bbox 687 1849 813 1917; x_wconf 81' lang='lat' dir='ltr'><strong>Flendo</strong></span> <span class='ocrx_word' id='word_1_59' title='bbox 835 1849 1016 1940; x_wconf 85' lang='lat' dir='ltr'><strong>torquendo</strong></span> <span class='ocrx_word' id='word_1_60' title='bbox 1039 1860 1071 1915; x_wconf 89' lang='lat' dir='ltr'><strong>et</strong></span> <span class='ocrx_word' id='word_1_61' title='bbox 1094 1850 1229 1915; x_wconf 84' lang='lat' dir='ltr'><strong>miseros</strong></span> <span class='ocrx_word' id='word_1_62' title='bbox 1253 1848 1451 1937; x_wconf 81' lang='lat' dir='ltr'>singultibus</span> <span class='ocrx_word' id='word_1_63' title='bbox 1473 1860 1572 1937; x_wconf 87' lang='lat' dir='ltr'><strong>artus,</strong></span> 
     </span>
     <span class='ocr_line' id='line_1_11' title="bbox 687 1957 1435 2047; baseline -0.004 -21"><span class='ocrx_word' id='word_1_64' title='bbox 687 1960 844 2047; x_wconf 81' lang='lat' dir='ltr'>Lugubre</span> <span class='ocrx_word' id='word_1_65' title='bbox 866 1958 969 2047; x_wconf 85' lang='lat' dir='ltr'><strong>regali</strong></span> <span class='ocrx_word' id='word_1_66' title='bbox 993 1958 1093 2025; x_wconf 87' lang='lat' dir='ltr'><strong>funus</strong></span> <span class='ocrx_word' id='word_1_67' title='bbox 1116 1958 1263 2047; x_wconf 79' lang='lat' dir='ltr'><strong>procedit</strong></span> <span class='ocrx_word' id='word_1_68' title='bbox 1285 1958 1327 2024; x_wconf 87' lang='lat' dir='ltr'><strong>ab</strong></span> <span class='ocrx_word' id='word_1_69' title='bbox 1350 1957 1435 2044; x_wconf 85' lang='lat' dir='ltr'><strong>aula,</strong></span> 
     </span>
     <span class='ocr_line' id='line_1_12' title="bbox 687 2067 1581 2156; baseline -0.002 -21"><span class='ocrx_word' id='word_1_70' title='bbox 687 2068 784 2135; x_wconf 83' lang='lat' dir='ltr'><strong>Multi</strong></span> <span class='ocrx_word' id='word_1_71' title='bbox 807 2068 893 2156; x_wconf 90' lang='lat' dir='ltr'><strong>quod</strong></span> <span class='ocrx_word' id='word_1_72' title='bbox 917 2067 1028 2156; x_wconf 90' lang='lat' dir='ltr'><strong>populi</strong></span> <span class='ocrx_word' id='word_1_73' title='bbox 1052 2068 1250 2134; x_wconf 76' lang='lat' dir='ltr'><strong>comitantur</strong></span> <span class='ocrx_word' id='word_1_74' title='bbox 1273 2077 1305 2133; x_wconf 91' lang='lat' dir='ltr'><strong>et</strong></span> <span class='ocrx_word' id='word_1_75' title='bbox 1327 2067 1468 2153; x_wconf 78' lang='lat' dir='ltr'><strong>agmina</strong></span> <span class='ocrx_word' id='word_1_76' title='bbox 1498 2067 1581 2133; x_wconf 84' lang='lat' dir='ltr'><strong>Late</strong></span> 
     </span>
     <span class='ocr_line' id='line_1_13' title="bbox 690 2172 1593 2263; baseline -0.009 -18"><span class='ocrx_word' id='word_1_77' title='bbox 690 2176 836 2245; x_wconf 91' lang='lat' dir='ltr'><strong>Stamine</strong></span> <span class='ocrx_word' id='word_1_78' title='bbox 859 2185 960 2242; x_wconf 87' lang='lat' dir='ltr'><strong>strata</strong></span> <span class='ocrx_word' id='word_1_79' title='bbox 982 2176 1038 2242; x_wconf 90' lang='lat' dir='ltr'><strong>via</strong></span> <span class='ocrx_word' id='word_1_80' title='bbox 1061 2186 1109 2241; x_wconf 87' lang='lat' dir='ltr'><strong>est</strong></span> <span class='ocrx_word' id='word_1_81' title='bbox 1132 2176 1276 2263; x_wconf 81' lang='lat' dir='ltr'><strong>nigranti</strong></span> <span class='ocrx_word' id='word_1_82' title='bbox 1298 2183 1332 2241; x_wconf 84' lang='lat' dir='ltr'><strong>et</strong></span> <span class='ocrx_word' id='word_1_83' title='bbox 1352 2172 1473 2241; x_wconf 85' lang='lat' dir='ltr'><strong>vellere</strong></span> <span class='ocrx_word' id='word_1_84' title='bbox 1496 2173 1593 2262; x_wconf 88' lang='lat' dir='ltr'><strong>pullo.</strong></span> 
     </span>
     <span class='ocr_line' id='line_1_14' title="bbox 687 2281 1546 2351; baseline -0.005 0"><span class='ocrx_word' id='word_1_85' title='bbox 687 2284 885 2351; x_wconf 78' lang='lat' dir='ltr'><strong>Pontificum</strong></span> <span class='ocrx_word' id='word_1_86' title='bbox 908 2283 962 2350; x_wconf 82' lang='lat' dir='ltr'><strong>hio</strong></span> <span class='ocrx_word' id='word_1_87' title='bbox 985 2282 1066 2348; x_wconf 89' lang='lat' dir='ltr'><strong>ordo</strong></span> <span class='ocrx_word' id='word_1_88' title='bbox 1088 2282 1200 2348; x_wconf 87' lang='lat' dir='ltr'><strong>multis</strong></span> <span class='ocrx_word' id='word_1_89' title='bbox 1223 2306 1298 2349; x_wconf 86' lang='lat' dir='ltr'><strong>oum</strong></span> <span class='ocrx_word' id='word_1_90' title='bbox 1322 2281 1454 2348; x_wconf 87' lang='lat' dir='ltr'><strong>milibus</strong></span> <span class='ocrx_word' id='word_1_91' title='bbox 1478 2282 1546 2347; x_wconf 87' lang='lat' dir='ltr'><strong>ibat</strong></span> 
     </span>
     <span class='ocr_line' id='line_1_15' title="bbox 585 2389 1666 2483; baseline -0.005 -24"><span class='ocrx_word' id='word_1_92' title='bbox 585 2415 655 2461; x_wconf 82' lang='lat' dir='ltr'><strong>suo.</strong></span> <span class='ocrx_word' id='word_1_93' title='bbox 689 2392 924 2483; x_wconf 71' lang='lat' dir='ltr'><strong>Presbyterum</strong></span> <span class='ocrx_word' id='word_1_94' title='bbox 947 2391 1140 2479; x_wconf 82' lang='lat' dir='ltr'><strong>generisque</strong></span> <span class='ocrx_word' id='word_1_95' title='bbox 1164 2391 1258 2478; x_wconf 81' lang='lat' dir='ltr'><strong>sauri,</strong></span> <span class='ocrx_word' id='word_1_96' title='bbox 1281 2390 1497 2477; x_wconf 75' lang='lat' dir='ltr'><strong>lacrimasque</strong></span> <span class='ocrx_word' id='word_1_97' title='bbox 1520 2389 1666 2455; x_wconf 84' lang='lat' dir='ltr'><strong>sonando</strong></span> 
     </span>
     <span class='ocr_line' id='line_1_16' title="bbox 688 2496 1535 2589; baseline -0.004 -24"><span class='ocrx_word' id='word_1_98' title='bbox 688 2499 873 2565; x_wconf 82' lang='lat' dir='ltr'><strong>bliseebant</strong></span> <span class='ocrx_word' id='word_1_99' title='bbox 894 2497 1027 2589; x_wconf 86' lang='lat' dir='ltr'><strong>hymnis</strong></span> <span class='ocrx_word' id='word_1_100' title='bbox 1051 2500 1244 2585; x_wconf 90' lang='lat' dir='ltr'><strong>ingrataque</strong></span> <span class='ocrx_word' id='word_1_101' title='bbox 1267 2496 1383 2564; x_wconf 83' lang='lat' dir='ltr'><strong>funera</strong></span> <span class='ocrx_word' id='word_1_102' title='bbox 1407 2498 1535 2564; x_wconf 81' lang='lat' dir='ltr'><strong>flebant</strong></span> 
     </span>
     <span class='ocr_line' id='line_1_17' title="bbox 776 2603 1665 2693; baseline -0.002 -22"><span class='ocrx_word' id='word_1_103' title='bbox 776 2606 864 2671; x_wconf 87' lang='lat' dir='ltr'><strong>Ante</strong></span> <span class='ocrx_word' id='word_1_104' title='bbox 886 2628 998 2671; x_wconf 89' lang='lat' dir='ltr'><strong>omnes</strong></span> <span class='ocrx_word' id='word_1_105' title='bbox 1022 2604 1163 2693; x_wconf 79' lang='lat' dir='ltr'><strong>Samuel,</strong></span> <span class='ocrx_word' id='word_1_106' title='bbox 1187 2603 1330 2673; x_wconf 83' lang='lat' dir='ltr'><strong>Graeolri</strong></span> <span class='ocrx_word' id='word_1_107' title='bbox 1354 2606 1551 2671; x_wconf 84' lang='lat' dir='ltr'><strong>iustissimus</strong></span> <span class='ocrx_word' id='word_1_108' title='bbox 1575 2604 1665 2672; x_wconf 81' lang='lat' dir='ltr'><strong>urbis</strong></span> 
     </span>
    </p>
   </div>
   <div class='ocr_carea' id='block_1_3' title="bbox 580 2713 1725 4190">
    <p class='ocr_par' dir='ltr' id='par_1_3' title="bbox 580 2713 1725 4190">
     <span class='ocr_line' id='line_1_18' title="bbox 687 2713 1475 2801; baseline 0 -23"><span class='ocrx_word' id='word_1_109' title='bbox 687 2715 833 2779; x_wconf 80' lang='lat' dir='ltr'><strong>Antiates</strong></span> <span class='ocrx_word' id='word_1_110' title='bbox 843 2718 864 2798; x_wconf 61' lang='lat' dir='ltr'><strong>l,</strong></span> <span class='ocrx_word' id='word_1_111' title='bbox 887 2713 1019 2779; x_wconf 89' lang='lat' dir='ltr'><strong>Samuel</strong></span> <span class='ocrx_word' id='word_1_112' title='bbox 1044 2715 1120 2779; x_wconf 85' lang='lat' dir='ltr'><strong>lletu</strong></span> <span class='ocrx_word' id='word_1_113' title='bbox 1144 2715 1231 2799; x_wconf 86' lang='lat' dir='ltr'><strong>rigat</strong></span> <span class='ocrx_word' id='word_1_114' title='bbox 1253 2736 1308 2778; x_wconf 90' lang='lat' dir='ltr'><strong>orn</strong></span> <span class='ocrx_word' id='word_1_115' title='bbox 1333 2714 1475 2801; x_wconf 79' lang='lat' dir='ltr'><strong>profuso,</strong></span> 
     </span>
     <span class='ocr_line' id='line_1_19' title="bbox 685 2818 1504 2905; baseline 0.002 -24"><span class='ocrx_word' id='word_1_116' title='bbox 685 2818 785 2903; x_wconf 86' lang='lat' dir='ltr'><strong>Regis</strong></span> <span class='ocrx_word' id='word_1_117' title='bbox 808 2827 842 2883; x_wconf 88' lang='lat' dir='ltr'><strong>et</strong></span> <span class='ocrx_word' id='word_1_118' title='bbox 863 2820 978 2882; x_wconf 89' lang='lat' dir='ltr'><strong>annosi</strong></span> <span class='ocrx_word' id='word_1_119' title='bbox 1003 2818 1107 2883; x_wconf 82' lang='lat' dir='ltr'><strong>satum</strong></span> <span class='ocrx_word' id='word_1_120' title='bbox 1130 2840 1189 2884; x_wconf 83' lang='lat' dir='ltr'><strong>osu</strong></span> <span class='ocrx_word' id='word_1_121' title='bbox 1213 2818 1317 2905; x_wconf 83' lang='lat' dir='ltr'><strong>plorat</strong></span> <span class='ocrx_word' id='word_1_122' title='bbox 1340 2819 1504 2905; x_wconf 79' lang='lat' dir='ltr'><strong>acerbum,</strong></span> 
     </span>
     <span class='ocr_line' id='line_1_20' title="bbox 581 2922 1492 3011; baseline -0.001 -21"><span class='ocrx_word' id='word_1_123' title='bbox 581 2945 650 2990; x_wconf 78' lang='lat' dir='ltr'><strong>nos.</strong></span> <span class='ocrx_word' id='word_1_124' title='bbox 684 2922 784 2989; x_wconf 91' lang='lat' dir='ltr'><strong>Illum</strong></span> <span class='ocrx_word' id='word_1_125' title='bbox 807 2934 844 2988; x_wconf 91' lang='lat' dir='ltr'><strong>ut</strong></span> <span class='ocrx_word' id='word_1_126' title='bbox 866 2922 982 2989; x_wconf 85' lang='lat' dir='ltr'><strong>dilexit</strong></span> <span class='ocrx_word' id='word_1_127' title='bbox 1004 2924 1177 3011; x_wconf 85' lang='lat' dir='ltr'><strong>quondam,</strong></span> <span class='ocrx_word' id='word_1_128' title='bbox 1200 2924 1339 2990; x_wconf 85' lang='lat' dir='ltr'><strong>‹lileotus</strong></span> <span class='ocrx_word' id='word_1_129' title='bbox 1362 2926 1403 2990; x_wconf 89' lang='lat' dir='ltr'><strong>nb</strong></span> <span class='ocrx_word' id='word_1_130' title='bbox 1428 2924 1492 2991; x_wconf 90' lang='lat' dir='ltr'><strong>illo.</strong></span> 
     </span>
     <span class='ocr_line' id='line_1_21' title="bbox 774 3030 1722 3120; baseline 0.002 -24"><span class='ocrx_word' id='word_1_131' title='bbox 774 3030 887 3096; x_wconf 81' lang='lat' dir='ltr'><strong>Tarba</strong></span> <span class='ocrx_word' id='word_1_132' title='bbox 909 3031 1027 3097; x_wconf 87' lang='lat' dir='ltr'><strong>deinde</strong></span> <span class='ocrx_word' id='word_1_133' title='bbox 1050 3033 1184 3120; x_wconf 91' lang='lat' dir='ltr'><strong>inopum</strong></span> <span class='ocrx_word' id='word_1_134' title='bbox 1207 3033 1365 3119; x_wconf 78' lang='lat' dir='ltr'><strong>sequitur3</strong></span> <span class='ocrx_word' id='word_1_135' title='bbox 1383 3032 1438 3098; x_wconf 93' lang='lat' dir='ltr'><strong>bis</strong></span> <span class='ocrx_word' id='word_1_136' title='bbox 1462 3032 1550 3098; x_wconf 88' lang='lat' dir='ltr'><strong>mille</strong></span> <span class='ocrx_word' id='word_1_137' title='bbox 1574 3031 1722 3098; x_wconf 87' lang='lat' dir='ltr'><strong>ferebant</strong></span> 
     </span>
     <span class='ocr_line' id='line_1_22' title="bbox 685 3137 1666 3228; baseline 0.003 -25"><span class='ocrx_word' id='word_1_138' title='bbox 685 3138 774 3204; x_wconf 85' lang='lat' dir='ltr'><strong>Hine</strong></span> <span class='ocrx_word' id='word_1_139' title='bbox 796 3149 894 3226; x_wconf 87' lang='lat' dir='ltr'><strong>atque</strong></span> <span class='ocrx_word' id='word_1_140' title='bbox 915 3138 993 3204; x_wconf 88' lang='lat' dir='ltr'><strong>inde</strong></span> <span class='ocrx_word' id='word_1_141' title='bbox 1016 3137 1118 3222; x_wconf 62' lang='lat' dir='ltr'><strong>facem</strong></span> <span class='ocrx_word' id='word_1_142' title='bbox 1142 3140 1277 3226; x_wconf 85' lang='lat' dir='ltr'><strong>nigrans</strong></span> <span class='ocrx_word' id='word_1_143' title='bbox 1299 3141 1372 3228; x_wconf 85' lang='lat' dir='ltr'><strong>piso</strong></span> <span class='ocrx_word' id='word_1_144' title='bbox 1395 3140 1512 3205; x_wconf 88' lang='lat' dir='ltr'><strong>visitur</strong></span> <span class='ocrx_word' id='word_1_145' title='bbox 1536 3162 1666 3225; x_wconf 72' lang='lat' dir='ltr'><strong>rtgtnen:</strong></span> 
     </span>
     <span class='ocr_line' id='line_1_23' title="bbox 685 3245 1580 3334; baseline 0.002 -23"><span class='ocrx_word' id='word_1_146' title='bbox 685 3247 730 3311; x_wconf 83' lang='lat' dir='ltr'><strong>At</strong></span> <span class='ocrx_word' id='word_1_147' title='bbox 752 3245 892 3311; x_wconf 89' lang='lat' dir='ltr'><strong>flammis</strong></span> <span class='ocrx_word' id='word_1_148' title='bbox 917 3256 1072 3332; x_wconf 89' lang='lat' dir='ltr'><strong>superant</strong></span> <span class='ocrx_word' id='word_1_149' title='bbox 1095 3245 1251 3333; x_wconf 80' lang='lat' dir='ltr'><strong>fulgentis</strong></span> <span class='ocrx_word' id='word_1_150' title='bbox 1274 3247 1426 3334; x_wconf 80' lang='lat' dir='ltr'><strong>lampada</strong></span> <span class='ocrx_word' id='word_1_151' title='bbox 1449 3247 1580 3313; x_wconf 88' lang='lat' dir='ltr'><strong>Phoebi.</strong></span> 
     </span>
     <span class='ocr_line' id='line_1_24' title="bbox 775 3352 1656 3442; baseline 0 -25"><span class='ocrx_word' id='word_1_152' title='bbox 775 3353 841 3417; x_wconf 83' lang='lat' dir='ltr'><strong>Hie</strong></span> <span class='ocrx_word' id='word_1_153' title='bbox 859 3352 987 3418; x_wconf 49' lang='lat' dir='ltr'><strong>*vexilla</strong></span> <span class='ocrx_word' id='word_1_154' title='bbox 1008 3354 1100 3417; x_wconf 83' lang='lat' dir='ltr'><strong>sinus</strong></span> <span class='ocrx_word' id='word_1_155' title='bbox 1123 3352 1280 3441; x_wconf 73' lang='lat' dir='ltr'><strong>pandunt,</strong></span> <span class='ocrx_word' id='word_1_156' title='bbox 1302 3376 1386 3442; x_wconf 85' lang='lat' dir='ltr'><strong>quae</strong></span> <span class='ocrx_word' id='word_1_157' title='bbox 1409 3352 1549 3441; x_wconf 87' lang='lat' dir='ltr'><strong>plurimo</strong></span> <span class='ocrx_word' id='word_1_158' title='bbox 1572 3352 1656 3419; x_wconf 89' lang='lat' dir='ltr'><strong>bollo</strong></span> 
     </span>
     <span class='ocr_line' id='line_1_25' title="bbox 581 3459 1492 3547; baseline 0.001 -23"><span class='ocrx_word' id='word_1_159' title='bbox 581 3481 651 3524; x_wconf 80' lang='lat' dir='ltr'><strong>ero.</strong></span> <span class='ocrx_word' id='word_1_160' title='bbox 685 3459 824 3525; x_wconf 87' lang='lat' dir='ltr'><strong>Adsueti</strong></span> <span class='ocrx_word' id='word_1_161' title='bbox 848 3459 1012 3547; x_wconf 81' lang='lat' dir='ltr'><strong>praeferre</strong></span> <span class='ocrx_word' id='word_1_162' title='bbox 1035 3460 1136 3526; x_wconf 80' lang='lat' dir='ltr'><strong>duces</strong></span> <span class='ocrx_word' id='word_1_163' title='bbox 1159 3471 1190 3527; x_wconf 88' lang='lat' dir='ltr'><strong>et</strong></span> <span class='ocrx_word' id='word_1_164' title='bbox 1212 3460 1345 3527; x_wconf 89' lang='lat' dir='ltr'><strong>tendere</strong></span> <span class='ocrx_word' id='word_1_165' title='bbox 1367 3460 1492 3547; x_wconf 83' lang='lat' dir='ltr'><strong>dextra,</strong></span> 
     </span>
     <span class='ocr_line' id='line_1_26' title="bbox 684 3565 1602 3651; baseline 0.001 -21"><span class='ocrx_word' id='word_1_166' title='bbox 684 3567 789 3631; x_wconf 84' lang='lat' dir='ltr'><strong>Arma</strong></span> <span class='ocrx_word' id='word_1_167' title='bbox 810 3565 888 3631; x_wconf 92' lang='lat' dir='ltr'><strong>olim</strong></span> <span class='ocrx_word' id='word_1_168' title='bbox 912 3589 987 3631; x_wconf 89' lang='lat' dir='ltr'><strong>oum</strong></span> <span class='ocrx_word' id='word_1_169' title='bbox 1011 3590 1070 3633; x_wconf 85' lang='lat' dir='ltr'><strong>rex</strong></span> <span class='ocrx_word' id='word_1_170' title='bbox 1093 3567 1262 3633; x_wconf 83' lang='lat' dir='ltr'><strong>inimicum</strong></span> <span class='ocrx_word' id='word_1_171' title='bbox 1287 3568 1385 3633; x_wconf 81' lang='lat' dir='ltr'><strong>ferret</strong></span> <span class='ocrx_word' id='word_1_172' title='bbox 1407 3569 1441 3633; x_wconf 90' lang='lat' dir='ltr'><strong>in</strong></span> <span class='ocrx_word' id='word_1_173' title='bbox 1465 3568 1602 3651; x_wconf 77' lang='lat' dir='ltr'><strong>hostem3</strong></span> 
     </span>
     <span class='ocr_line' id='line_1_27' title="bbox 684 3672 1401 3759; baseline 0.004 -23"><span class='ocrx_word' id='word_1_174' title='bbox 684 3672 825 3739; x_wconf 80' lang='lat' dir='ltr'><strong>Terdeni</strong></span> <span class='ocrx_word' id='word_1_175' title='bbox 848 3696 977 3759; x_wconf 85' lang='lat' dir='ltr'><strong>gessere</strong></span> <span class='ocrx_word' id='word_1_176' title='bbox 999 3673 1071 3759; x_wconf 82' lang='lat' dir='ltr'><strong>viri,</strong></span> <span class='ocrx_word' id='word_1_177' title='bbox 1094 3673 1270 3739; x_wconf 80' lang='lat' dir='ltr'><strong>lentissima</strong></span> <span class='ocrx_word' id='word_1_178' title='bbox 1293 3674 1401 3759; x_wconf 81' lang='lat' dir='ltr'><strong>aortla,</strong></span> 
     </span>
     <span class='ocr_line' id='line_1_28' title="bbox 685 3779 1485 3868; baseline 0.004 -25"><span class='ocrx_word' id='word_1_179' title='bbox 685 3780 835 3866; x_wconf 84' lang='lat' dir='ltr'><strong>Triginta</strong></span> <span class='ocrx_word' id='word_1_180' title='bbox 856 3790 928 3868; x_wconf 86' lang='lat' dir='ltr'><strong>post</strong></span> <span class='ocrx_word' id='word_1_181' title='bbox 951 3779 1070 3845; x_wconf 87' lang='lat' dir='ltr'><strong>deinde</strong></span> <span class='ocrx_word' id='word_1_182' title='bbox 1094 3802 1173 3845; x_wconf 89' lang='lat' dir='ltr'><strong>auro</strong></span> <span class='ocrx_word' id='word_1_183' title='bbox 1196 3780 1313 3845; x_wconf 88' lang='lat' dir='ltr'><strong>vestita</strong></span> <span class='ocrx_word' id='word_1_184' title='bbox 1336 3782 1456 3846; x_wconf 87' lang='lat' dir='ltr'><strong>feretra</strong></span> <span class='ocrx_word' id='word_1_185' title='bbox 1465 3786 1485 3846; x_wconf 81' lang='lat'><strong>³.</strong></span> 
     </span>
     <span class='ocr_line' id='line_1_29' title="bbox 773 3886 1725 3975; baseline -0.001 -23"><span class='ocrx_word' id='word_1_186' title='bbox 773 3887 839 3953; x_wconf 83' lang='lat' dir='ltr'><strong>Hie</strong></span> <span class='ocrx_word' id='word_1_187' title='bbox 873 3886 1127 3975; x_wconf 81' lang='lat' dir='ltr'><strong>eataphraatus⁴</strong></span> <span class='ocrx_word' id='word_1_188' title='bbox 1166 3910 1265 3975; x_wconf 85' lang='lat' dir='ltr'><strong>eques</strong></span> <span class='ocrx_word' id='word_1_189' title='bbox 1303 3888 1460 3975; x_wconf 83' lang='lat' dir='ltr'><strong>gravibus</strong></span> <span class='ocrx_word' id='word_1_190' title='bbox 1498 3886 1725 3954; x_wconf 75' lang='lat' dir='ltr'><strong>circumdatus</strong></span> 
     </span>
     <span class='ocr_line' id='line_1_30' title="bbox 1510 3996 1631 4082; baseline -0.008 -22"><span class='ocrx_word' id='word_1_191' title='bbox 1510 3996 1631 4082; x_wconf 75' lang='lat' dir='ltr'><strong>lamnis,</strong></span> 
     </span>
     <span class='ocr_line' id='line_1_31' title="bbox 580 4099 1606 4190; baseline 0 -23"><span class='ocrx_word' id='word_1_192' title='bbox 580 4125 650 4167; x_wconf 74' lang='lat' dir='ltr'><strong>rra.</strong></span> <span class='ocrx_word' id='word_1_193' title='bbox 684 4099 792 4188; x_wconf 76' lang='grc' dir='ltr'>ΤιιΙο,</span> <span class='ocrx_word' id='word_1_194' title='bbox 815 4101 920 4168; x_wconf 91' lang='lat' dir='ltr'><strong>bonas</strong></span> <span class='ocrx_word' id='word_1_195' title='bbox 943 4101 1029 4167; x_wconf 91' lang='lat' dir='ltr'><strong>bello</strong></span> <span class='ocrx_word' id='word_1_196' title='bbox 1052 4113 1084 4169; x_wconf 90' lang='lat' dir='ltr'><strong>et</strong></span> <span class='ocrx_word' id='word_1_197' title='bbox 1108 4103 1236 4189; x_wconf 87' lang='lat' dir='ltr'><strong>magnis</strong></span> <span class='ocrx_word' id='word_1_198' title='bbox 1259 4103 1311 4168; x_wconf 86' lang='lat' dir='ltr'><strong>vir</strong></span> <span class='ocrx_word' id='word_1_199' title='bbox 1333 4113 1485 4168; x_wconf 87' lang='lat' dir='ltr'><strong>strenuus</strong></span> <span class='ocrx_word' id='word_1_200' title='bbox 1509 4104 1606 4190; x_wconf 84' lang='lat' dir='ltr'><strong>ausis,</strong></span> 
     </span>
    </p>
   </div>
   <div class='ocr_carea' id='block_1_4' title="bbox 576 4420 1728 4945">
    <p class='ocr_par' dir='ltr' id='par_1_4' title="bbox 576 4420 1728 4671">
     <span class='ocr_line' id='line_1_32' title="bbox 686 4420 1728 4490; baseline -0.002 -15"><span class='ocrx_word' id='word_1_201' title='bbox 686 4423 694 4452; x_wconf 86' lang='lat'>¹</span> <span class='ocrx_word' id='word_1_202' title='bbox 715 4423 779 4475; x_wconf 83' lang='lat' dir='ltr'><strong>Dies</strong></span> <span class='ocrx_word' id='word_1_203' title='bbox 798 4439 823 4477; x_wconf 78' lang='lat' dir='ltr'><strong>a.</strong></span> <span class='ocrx_word' id='word_1_204' title='bbox 842 4423 928 4477; x_wconf 73' lang='lat' dir='ltr'><strong>‹tvu</strong></span> <span class='ocrx_word' id='word_1_205' title='bbox 949 4420 1009 4475; x_wconf 78' lang='lat' dir='ltr'><strong>Kal.</strong></span> <span class='ocrx_word' id='word_1_206' title='bbox 1029 4424 1141 4490; x_wconf 74' lang='lat' dir='ltr'><strong>August</strong></span> <span class='ocrx_word' id='word_1_207' title='bbox 1164 4421 1228 4474; x_wconf 82' lang='lat' dir='ltr'><strong>lnds</strong></span> <span class='ocrx_word' id='word_1_208' title='bbox 1242 4429 1437 4490; x_wconf 81' lang='lat' dir='ltr'><strong>putatoarmsn</strong></span> <span class='ocrx_word' id='word_1_209' title='bbox 1452 4421 1510 4487; x_wconf 76' lang='lat' dir='ltr'><strong>boe,</strong></span> <span class='ocrx_word' id='word_1_210' title='bbox 1524 4422 1728 4490; x_wconf 65' lang='lat' dir='ltr'><strong>calametis</strong></span> 
     </span>
     <span class='ocr_line' id='line_1_33' title="bbox 576 4511 1727 4579; baseline -0.004 -12"><span class='ocrx_word' id='word_1_211' title='bbox 576 4530 711 4579; x_wconf 85' lang='lat' dir='ltr'><strong>sxeumm,</strong></span> <span class='ocrx_word' id='word_1_212' title='bbox 730 4513 803 4565; x_wconf 80' lang='lat' dir='ltr'><strong>iutra</strong></span> <span class='ocrx_word' id='word_1_213' title='bbox 820 4529 874 4564; x_wconf 88' lang='lat' dir='ltr'><strong>nou</strong></span> <span class='ocrx_word' id='word_1_214' title='bbox 894 4520 1008 4565; x_wconf 85' lang='lat' dir='ltr'><strong>totorum</strong></span> <span class='ocrx_word' id='word_1_215' title='bbox 1028 4520 1156 4579; x_wconf 84' lang='lat' dir='ltr'><strong>quattuor</strong></span> <span class='ocrx_word' id='word_1_216' title='bbox 1175 4512 1305 4564; x_wconf 83' lang='lat' dir='ltr'><strong>mensium</strong></span> <span class='ocrx_word' id='word_1_217' title='bbox 1325 4512 1441 4579; x_wconf 81' lang='lat' dir='ltr'><strong>spatium</strong></span> <span class='ocrx_word' id='word_1_218' title='bbox 1460 4528 1477 4564; x_wconf 83' lang='lat' dir='ltr'><strong>s</strong></span> <span class='ocrx_word' id='word_1_219' title='bbox 1496 4522 1575 4579; x_wconf 80' lang='lat' dir='ltr'><strong>postu</strong></span> <span class='ocrx_word' id='word_1_220' title='bbox 1589 4511 1727 4579; x_wconf 85' lang='lat' dir='ltr'><strong>composi·</strong></span> 
     </span>
     <span class='ocr_line' id='line_1_34' title="bbox 578 4601 1728 4671; baseline -0.002 -15"><span class='ocrx_word' id='word_1_221' title='bbox 578 4614 643 4670; x_wconf 82' lang='lat' dir='ltr'><strong>tum,</strong></span> <span class='ocrx_word' id='word_1_222' title='bbox 660 4603 793 4671; x_wconf 74' lang='lat' dir='ltr'><strong>quasdam</strong></span> <span class='ocrx_word' id='word_1_223' title='bbox 811 4602 960 4671; x_wconf 78' lang='lat' dir='ltr'><strong>singularia</strong></span> <span class='ocrx_word' id='word_1_224' title='bbox 978 4610 1069 4655; x_wconf 79' lang='lat' dir='ltr'><strong>autern</strong></span> <span class='ocrx_word' id='word_1_225' title='bbox 1089 4619 1134 4654; x_wconf 80' lang='lat' dir='ltr'><strong>sex</strong></span> <span class='ocrx_word' id='word_1_226' title='bbox 1155 4604 1211 4655; x_wconf 83' lang='lat' dir='ltr'><strong>lere</strong></span> <span class='ocrx_word' id='word_1_227' title='bbox 1230 4602 1323 4653; x_wconf 82' lang='lat' dir='ltr'><strong>diebus</strong></span> <span class='ocrx_word' id='word_1_228' title='bbox 1344 4602 1451 4655; x_wconf 78' lang='lat' dir='ltr'><strong>udisetu</strong></span> <span class='ocrx_word' id='word_1_229' title='bbox 1470 4601 1511 4654; x_wconf 79' lang='lat' dir='ltr'><strong>vsl</strong></span> <span class='ocrx_word' id='word_1_230' title='bbox 1525 4601 1728 4669; x_wconf 71' lang='lat' dir='ltr'><strong>expolitum.</strong></span> 
     </span>
    </p>

    <p class='ocr_par' dir='ltr' id='par_1_5' title="bbox 685 4691 1475 4759">
     <span class='ocr_line' id='line_1_35' title="bbox 685 4691 1475 4759; baseline -0.005 -13"><span class='ocrx_word' id='word_1_231' title='bbox 685 4692 696 4723; x_wconf 85' lang='lat'><strong>¹</strong></span> <span class='ocrx_word' id='word_1_232' title='bbox 713 4692 820 4746; x_wconf 79' lang='lat' dir='ltr'><strong>Samuel</strong></span> <span class='ocrx_word' id='word_1_233' title='bbox 840 4691 1032 4759; x_wconf 77' lang='lat' dir='ltr'><strong>tlaeiejowski‚</strong></span> <span class='ocrx_word' id='word_1_234' title='bbox 1052 4693 1192 4759; x_wconf 84' lang='lat' dir='ltr'><strong>splseopus</strong></span> <span class='ocrx_word' id='word_1_235' title='bbox 1213 4701 1267 4744; x_wconf 84' lang='lat' dir='ltr'><strong>tum</strong></span> <span class='ocrx_word' id='word_1_236' title='bbox 1287 4692 1475 4745; x_wconf 77' lang='lat' dir='ltr'><strong>emeavlsnsis.</strong></span> 
     </span>
    </p>

    <p class='ocr_par' dir='ltr' id='par_1_6' title="bbox 684 4781 1290 4850">
     <span class='ocr_line' id='line_1_36' title="bbox 684 4781 1290 4850; baseline -0.002 -16"><span class='ocrx_word' id='word_1_237' title='bbox 684 4781 879 4850; x_wconf 65' lang='lat' dir='ltr'><strong>&#39;lutsrpunxt</strong></span> <span class='ocrx_word' id='word_1_238' title='bbox 898 4789 928 4833; x_wconf 86' lang='lat' dir='ltr'><strong>ut</strong></span> <span class='ocrx_word' id='word_1_239' title='bbox 947 4782 1115 4849; x_wconf 78' lang='lat' dir='ltr'><strong>aptissimam</strong></span> <span class='ocrx_word' id='word_1_240' title='bbox 1137 4783 1220 4832; x_wconf 80' lang='lat' dir='ltr'><strong>vinnm</strong></span> <span class='ocrx_word' id='word_1_241' title='bbox 1241 4790 1290 4834; x_wconf 76' lang='lat' dir='ltr'><strong>art.</strong></span> 
     </span>
    </p>

    <p class='ocr_par' dir='ltr' id='par_1_7' title="bbox 683 4871 1037 4945">
     <span class='ocr_line' id='line_1_37' title="bbox 683 4871 1037 4945; baseline 0.003 -23"><span class='ocrx_word' id='word_1_242' title='bbox 683 4872 695 4905; x_wconf 87' lang='lat'><strong>⁴</strong></span> <span class='ocrx_word' id='word_1_243' title='bbox 715 4873 786 4931; x_wconf 65' lang='lat' dir='ltr'><strong>Edit.</strong></span> <span class='ocrx_word' id='word_1_244' title='bbox 807 4871 1037 4945; x_wconf 72' lang='lat' dir='ltr'><strong>„eumphrettus“.</strong></span> 
     </span>
    </p>
   </div>
   <div class='ocr_carea' id='block_1_5' title="bbox 0 0 2060 5767">
    <p class='ocr_par' dir='ltr' id='par_1_8' title="bbox 0 0 2060 5767">
     <span class='ocr_line' id='line_1_38' title="bbox 0 0 2060 5767; baseline 0 18"><span class='ocrx_word' id='word_1_245' title='bbox 0 0 2060 5767; x_wconf 95' lang='lat' dir='ltr'><strong> </strong></span> 
     </span>
    </p>
   </div>
  </div>
 </body>
</html>
