<?xml version="1.0" encoding="UTF-8"?>
<!DOCTYPE html PUBLIC "-//W3C//DTD XHTML 1.0 Transitional//EN"
    "http://www.w3.org/TR/xhtml1/DTD/xhtml1-transitional.dtd">
<html xmlns="http://www.w3.org/1999/xhtml" xml:lang="en" lang="en">
 <head>
  <title>
</title>
<meta http-equiv="Content-Type" content="text/html;charset=utf-8" />
  <meta name='ocr-system' content='tesseract 3.04.00' />
  <meta name='ocr-capabilities' content='ocr_page ocr_carea ocr_par ocr_line ocrx_word'/>
</head>
<body>
  <div class='ocr_page' id='page_1' title='image "./petriroyziimaur00morogoog_0579.png"; bbox 0 0 4109 5767; ppageno 0'>
   <div class='ocr_carea' id='block_1_1' title="bbox 701 755 1564 822">
    <p class='ocr_par' dir='ltr' id='par_1_1' title="bbox 701 755 1564 822">
     <span class='ocr_line' id='line_1_1' title="bbox 701 755 1564 822; baseline 0.025 -27"><span class='ocrx_word' id='word_1_1' title='bbox 701 787 704 793; x_wconf 95' lang='lat'>.</span> <span class='ocrx_word' id='word_1_2' title='bbox 724 772 761 806; x_wconf 78' lang='lat' dir='ltr'><strong>ao</strong></span> <span class='ocrx_word' id='word_1_3' title='bbox 780 771 891 807; x_wconf 71' lang='lat' dir='ltr'><strong>sonoros</strong></span> <span class='ocrx_word' id='word_1_4' title='bbox 908 771 1057 807; x_wconf 79' lang='lat' dir='ltr'><strong>sararoaae</strong></span> <span class='ocrx_word' id='word_1_5' title='bbox 1076 771 1266 813; x_wconf 80' lang='lat' dir='ltr'><strong>ruocanasour..</strong></span> <span class='ocrx_word' id='word_1_6' title='bbox 1499 755 1564 822; x_wconf 79' lang='lat'><strong>135</strong></span> 
     </span>
    </p>
   </div>
   <div class='ocr_carea' id='block_1_2' title="bbox 422 841 1562 864">
    <p class='ocr_par' dir='ltr' id='par_1_2' title="bbox 422 841 1562 864">
     <span class='ocr_line' id='line_1_2' title="bbox 422 841 1562 864; baseline 0 0"><span class='ocrx_word' id='word_1_7' title='bbox 422 841 1562 864; x_wconf 46' lang='lat' dir='ltr'><strong>amm</strong></span> 
     </span>
    </p>
   </div>
   <div class='ocr_carea' id='block_1_3' title="bbox 529 966 1449 1162">
    <p class='ocr_par' dir='ltr' id='par_1_3' title="bbox 529 966 1449 1162">
     <span class='ocr_line' id='line_1_3' title="bbox 529 966 1449 1056; baseline 0 -23"><span class='ocrx_word' id='word_1_8' title='bbox 529 969 573 1033; x_wconf 74' lang='lat' dir='ltr'><strong>Fa</strong></span> <span class='ocrx_word' id='word_1_9' title='bbox 596 990 695 1056; x_wconf 87' lang='lat' dir='ltr'><strong>prope</strong></span> <span class='ocrx_word' id='word_1_10' title='bbox 717 977 817 1053; x_wconf 82' lang='lat' dir='ltr'><strong>stans,</strong></span> <span class='ocrx_word' id='word_1_11' title='bbox 838 967 951 1034; x_wconf 89' lang='lat' dir='ltr'><strong>oculos</strong></span> <span class='ocrx_word' id='word_1_12' title='bbox 974 976 1064 1033; x_wconf 87' lang='lat' dir='ltr'><strong>notat</strong></span> <span class='ocrx_word' id='word_1_13' title='bbox 1088 976 1124 1032; x_wconf 87' lang='lat' dir='ltr'><strong>ut</strong></span> <span class='ocrx_word' id='word_1_14' title='bbox 1146 967 1283 1055; x_wconf 83' lang='lat' dir='ltr'><strong>deceptu</strong></span> <span class='ocrx_word' id='word_1_15' title='bbox 1304 966 1449 1055; x_wconf 83' lang='lat' dir='ltr'><strong>pudicos,</strong></span> 
     </span>
     <span class='ocr_line' id='line_1_4' title="bbox 532 1071 1359 1162; baseline 0.001 -25"><span class='ocrx_word' id='word_1_16' title='bbox 532 1074 655 1160; x_wconf 80' lang='lat' dir='ltr'><strong>„H0s“,</strong></span> <span class='ocrx_word' id='word_1_17' title='bbox 678 1074 732 1160; x_wconf 84' lang='lat' dir='ltr'><strong>sit,</strong></span> <span class='ocrx_word' id='word_1_18' title='bbox 757 1073 919 1162; x_wconf 80' lang='lat' dir='ltr'><strong>„excipi03</strong></span> <span class='ocrx_word' id='word_1_19' title='bbox 943 1084 1052 1140; x_wconf 87' lang='lat' dir='ltr'><strong>cetera</strong></span> <span class='ocrx_word' id='word_1_20' title='bbox 1073 1073 1189 1140; x_wconf 86' lang='lat' dir='ltr'><strong>Martis</strong></span> <span class='ocrx_word' id='word_1_21' title='bbox 1211 1071 1328 1140; x_wconf 58' lang='lat' dir='ltr'><strong>habeti</strong></span> <span class='ocrx_word' id='word_1_22' title='bbox 1340 1079 1359 1138; x_wconf 90' lang='lat'><strong>¹.</strong></span> 
     </span>
    </p>
   </div>
   <div class='ocr_carea' id='block_1_4' title="bbox 951 1264 1033 1332">
    <p class='ocr_par' dir='ltr' id='par_1_4' title="bbox 951 1264 1033 1332">
     <span class='ocr_line' id='line_1_5' title="bbox 951 1264 1033 1332; baseline -0.024 0"><span class='ocrx_word' id='word_1_23' title='bbox 951 1264 1033 1332; x_wconf 86' lang='lat' dir='ltr'><strong>IV.¹</strong></span> 
     </span>
    </p>
   </div>
   <div class='ocr_carea' id='block_1_5' title="bbox 474 1384 1566 2224">
    <p class='ocr_par' dir='ltr' id='par_1_5' title="bbox 474 1384 1566 2224">
     <span class='ocr_line' id='line_1_6' title="bbox 530 1384 1566 1474; baseline -0.002 -20"><span class='ocrx_word' id='word_1_24' title='bbox 530 1386 707 1454; x_wconf 79' lang='lat' dir='ltr'><strong>Pulchram</strong></span> <span class='ocrx_word' id='word_1_25' title='bbox 730 1388 873 1452; x_wconf 86' lang='lat' dir='ltr'><strong>animam</strong></span> <span class='ocrx_word' id='word_1_26' title='bbox 895 1386 1043 1474; x_wconf 88' lang='lat' dir='ltr'><strong>pulchris</strong></span> <span class='ocrx_word' id='word_1_27' title='bbox 1066 1384 1244 1452; x_wconf 85' lang='lat' dir='ltr'><strong>infundunt</strong></span> <span class='ocrx_word' id='word_1_28' title='bbox 1267 1385 1375 1452; x_wconf 85' lang='lat' dir='ltr'><strong>sidere</strong></span> <span class='ocrx_word' id='word_1_29' title='bbox 1401 1385 1566 1473; x_wconf 75' lang='lat' dir='ltr'><strong>membris,</strong></span> 
     </span>
     <span class='ocr_line' id='line_1_7' title="bbox 584 1491 1507 1580; baseline 0.001 -22"><span class='ocrx_word' id='word_1_30' title='bbox 584 1493 727 1580; x_wconf 77' lang='lat' dir='ltr'><strong>Tarpam</strong></span> <span class='ocrx_word' id='word_1_31' title='bbox 751 1493 893 1558; x_wconf 85' lang='lat' dir='ltr'><strong>animam</strong></span> <span class='ocrx_word' id='word_1_32' title='bbox 916 1492 951 1558; x_wconf 93' lang='lat' dir='ltr'><strong>in</strong></span> <span class='ocrx_word' id='word_1_33' title='bbox 975 1491 1107 1558; x_wconf 85' lang='lat' dir='ltr'><strong>foedum</strong></span> <span class='ocrx_word' id='word_1_34' title='bbox 1131 1513 1249 1580; x_wconf 86' lang='lat' dir='ltr'><strong>corpus</strong></span> <span class='ocrx_word' id='word_1_35' title='bbox 1273 1491 1364 1558; x_wconf 88' lang='lat' dir='ltr'><strong>abire</strong></span> <span class='ocrx_word' id='word_1_36' title='bbox 1386 1491 1507 1559; x_wconf 76' lang='lat' dir='ltr'><strong>iubant</strong></span> 
     </span>
     <span class='ocr_line' id='line_1_8' title="bbox 531 1582 1382 1689; baseline -0.002 -23"><span class='ocrx_word' id='word_1_37' title='bbox 531 1599 604 1666; x_wconf 84' lang='lat' dir='ltr'><strong>Non</strong></span> <span class='ocrx_word' id='word_1_38' title='bbox 629 1598 742 1666; x_wconf 88' lang='lat' dir='ltr'><strong>cadem</strong></span> <span class='ocrx_word' id='word_1_39' title='bbox 764 1582 887 1665; x_wconf 80' lang='lat' dir='ltr'><strong>Priami</strong></span> <span class='ocrx_word' id='word_1_40' title='bbox 911 1599 1040 1666; x_wconf 87' lang='lat' dir='ltr'><strong>fucrant</strong></span> <span class='ocrx_word' id='word_1_41' title='bbox 1062 1597 1295 1689; x_wconf 83' lang='lat' dir='ltr'><strong>popularisque</strong></span> <span class='ocrx_word' id='word_1_42' title='bbox 1316 1621 1382 1686; x_wconf 87' lang='lat' dir='ltr'><strong>ora,</strong></span> 
     </span>
     <span class='ocr_line' id='line_1_9' title="bbox 585 1705 1245 1774; baseline -0.003 -1"><span class='ocrx_word' id='word_1_43' title='bbox 585 1707 728 1774; x_wconf 76' lang='lat' dir='ltr'><strong>&#39;l&#39;ersites</strong></span> <span class='ocrx_word' id='word_1_44' title='bbox 751 1707 868 1774; x_wconf 89' lang='lat' dir='ltr'><strong>similis</strong></span> <span class='ocrx_word' id='word_1_45' title='bbox 891 1730 954 1773; x_wconf 90' lang='lat' dir='ltr'><strong>non</strong></span> <span class='ocrx_word' id='word_1_46' title='bbox 979 1715 1049 1773; x_wconf 86' lang='lat' dir='ltr'><strong>erut</strong></span> <span class='ocrx_word' id='word_1_47' title='bbox 1073 1705 1245 1773; x_wconf 81' lang='lat' dir='ltr'><strong>Aeacidae.</strong></span> 
     </span>
     <span class='ocr_line' id='line_1_10' title="bbox 474 1813 1407 1903; baseline 0.001 -24"><span class='ocrx_word' id='word_1_48' title='bbox 474 1836 500 1881; x_wconf 86' lang='lat' dir='ltr'><strong>e.</strong></span> <span class='ocrx_word' id='word_1_49' title='bbox 531 1815 771 1903; x_wconf 83' lang='lat' dir='ltr'><strong>Argumentum</strong></span> <span class='ocrx_word' id='word_1_50' title='bbox 792 1816 908 1903; x_wconf 85' lang='lat' dir='ltr'><strong>ingens</strong></span> <span class='ocrx_word' id='word_1_51' title='bbox 932 1814 1056 1903; x_wconf 84' lang='lat' dir='ltr'><strong>species</strong></span> <span class='ocrx_word' id='word_1_52' title='bbox 1079 1822 1111 1880; x_wconf 87' lang='lat' dir='ltr'><strong>et</strong></span> <span class='ocrx_word' id='word_1_53' title='bbox 1134 1813 1239 1879; x_wconf 82' lang='lat' dir='ltr'><strong>formu</strong></span> <span class='ocrx_word' id='word_1_54' title='bbox 1260 1813 1407 1880; x_wconf 88' lang='lat' dir='ltr'><strong>virorum</strong></span> 
     </span>
     <span class='ocr_line' id='line_1_11' title="bbox 588 1919 1231 2009; baseline -0.002 -22"><span class='ocrx_word' id='word_1_55' title='bbox 588 1923 716 2009; x_wconf 84' lang='lat' dir='ltr'><strong>Ingenii</strong></span> <span class='ocrx_word' id='word_1_56' title='bbox 739 1931 772 1988; x_wconf 88' lang='lat' dir='ltr'><strong>et</strong></span> <span class='ocrx_word' id='word_1_57' title='bbox 793 1922 911 1988; x_wconf 88' lang='lat' dir='ltr'><strong>mentis</strong></span> <span class='ocrx_word' id='word_1_58' title='bbox 934 1920 1103 1987; x_wconf 84' lang='lat' dir='ltr'><strong>nobilioris</strong></span> <span class='ocrx_word' id='word_1_59' title='bbox 1125 1919 1231 1988; x_wconf 77' lang='lat' dir='ltr'><strong>habet</strong></span> 
     </span>
     <span class='ocr_line' id='line_1_12' title="bbox 533 2028 1408 2117; baseline 0.001 -25"><span class='ocrx_word' id='word_1_60' title='bbox 533 2029 615 2111; x_wconf 78' lang='lat' dir='ltr'><strong>Quis</strong></span> <span class='ocrx_word' id='word_1_61' title='bbox 639 2029 902 2116; x_wconf 84' lang='lat' dir='ltr'><strong>maiestatemque</strong></span> <span class='ocrx_word' id='word_1_62' title='bbox 925 2037 1016 2094; x_wconf 86' lang='lat' dir='ltr'><strong>tuam</strong></span> <span class='ocrx_word' id='word_1_63' title='bbox 1040 2028 1243 2117; x_wconf 75' lang='lat' dir='ltr'><strong>speciemque</strong></span> <span class='ocrx_word' id='word_1_64' title='bbox 1265 2036 1408 2095; x_wconf 84' lang='lat' dir='ltr'><strong>moratus</strong></span> 
     </span>
     <span class='ocr_line' id='line_1_13' title="bbox 622 2134 1491 2224; baseline -0.001 -22"><span class='ocrx_word' id='word_1_65' title='bbox 622 2138 695 2202; x_wconf 90' lang='lat' dir='ltr'><strong>Non</strong></span> <span class='ocrx_word' id='word_1_66' title='bbox 719 2135 820 2202; x_wconf 85' lang='lat' dir='ltr'><strong>dicat:</strong></span> <span class='ocrx_word' id='word_1_67' title='bbox 847 2136 987 2224; x_wconf 80' lang='lat' dir='ltr'><strong>,Magno</strong></span> <span class='ocrx_word' id='word_1_68' title='bbox 1009 2144 1059 2202; x_wconf 78' lang='lat' dir='ltr'><strong>est</strong></span> <span class='ocrx_word' id='word_1_69' title='bbox 1081 2135 1162 2202; x_wconf 87' lang='lat' dir='ltr'><strong>haec</strong></span> <span class='ocrx_word' id='word_1_70' title='bbox 1184 2134 1330 2202; x_wconf 83' lang='lat' dir='ltr'><strong>habitata</strong></span> <span class='ocrx_word' id='word_1_71' title='bbox 1352 2136 1491 2202; x_wconf 82' lang='lat' dir='ltr'><strong>animo“.</strong></span> 
     </span>
    </p>
   </div>
   <div class='ocr_carea' id='block_1_6' title="bbox 533 2400 1569 2470">
    <p class='ocr_par' dir='ltr' id='par_1_6' title="bbox 533 2400 1569 2470">
     <span class='ocr_line' id='line_1_14' title="bbox 533 2400 1569 2470; baseline -0.003 -15"><span class='ocrx_word' id='word_1_72' title='bbox 533 2403 542 2434; x_wconf 89' lang='lat'><strong>¹</strong></span> <span class='ocrx_word' id='word_1_73' title='bbox 561 2406 620 2455; x_wconf 84' lang='lat' dir='ltr'><strong>Hoc</strong></span> <span class='ocrx_word' id='word_1_74' title='bbox 639 2404 804 2470; x_wconf 73' lang='lat' dir='ltr'><strong>epigramma</strong></span> <span class='ocrx_word' id='word_1_75' title='bbox 819 2412 967 2469; x_wconf 84' lang='lat' dir='ltr'><strong>sequuntur</strong></span> <span class='ocrx_word' id='word_1_76' title='bbox 984 2403 1011 2454; x_wconf 90' lang='lat' dir='ltr'><strong>iu</strong></span> <span class='ocrx_word' id='word_1_77' title='bbox 1028 2403 1127 2454; x_wconf 84' lang='lat' dir='ltr'><strong>mestis.</strong></span> <span class='ocrx_word' id='word_1_78' title='bbox 1141 2402 1208 2454; x_wconf 86' lang='lat' dir='ltr'><strong>haec</strong></span> <span class='ocrx_word' id='word_1_79' title='bbox 1220 2401 1342 2454; x_wconf 87' lang='lat' dir='ltr'><strong>consulto</strong></span> <span class='ocrx_word' id='word_1_80' title='bbox 1355 2417 1372 2452; x_wconf 90' lang='lat' dir='ltr'><strong>a</strong></span> <span class='ocrx_word' id='word_1_81' title='bbox 1384 2400 1484 2466; x_wconf 75' lang='lat' dir='ltr'><strong>Royaio</strong></span> <span class='ocrx_word' id='word_1_82' title='bbox 1496 2401 1569 2453; x_wconf 83' lang='lat' dir='ltr'><strong>inter</strong></span> 
     </span>
    </p>
   </div>
   <div class='ocr_carea' id='block_1_7' title="bbox 316 2491 1489 2566">
    <p class='ocr_par' dir='ltr' id='par_1_7' title="bbox 316 2491 1489 2566">
     <span class='ocr_line' id='line_1_15' title="bbox 316 2491 1489 2566; baseline -0.003 -22"><span class='ocrx_word' id='word_1_83' title='bbox 316 2555 322 2566; x_wconf 36' lang='grc' dir='ltr'>ι</span> <span class='ocrx_word' id='word_1_84' title='bbox 427 2509 478 2544; x_wconf 91' lang='lat' dir='ltr'><strong>sua</strong></span> <span class='ocrx_word' id='word_1_85' title='bbox 495 2493 636 2556; x_wconf 87' lang='lat' dir='ltr'><strong>collocata,</strong></span> <span class='ocrx_word' id='word_1_86' title='bbox 656 2501 687 2544; x_wconf 92' lang='lat' dir='ltr'><strong>ut</strong></span> <span class='ocrx_word' id='word_1_87' title='bbox 704 2491 812 2544; x_wconf 85' lang='lat' dir='ltr'><strong>laudern</strong></span> <span class='ocrx_word' id='word_1_88' title='bbox 830 2492 913 2558; x_wconf 84' lang='lat' dir='ltr'><strong>ipsius</strong></span> <span class='ocrx_word' id='word_1_89' title='bbox 931 2492 1064 2558; x_wconf 84' lang='lat' dir='ltr'><strong>poeticam</strong></span> <span class='ocrx_word' id='word_1_90' title='bbox 1084 2492 1155 2559; x_wconf 81' lang='lat' dir='ltr'><strong>apud</strong></span> <span class='ocrx_word' id='word_1_91' title='bbox 1173 2491 1299 2558; x_wconf 77' lang='lat' dir='ltr'><strong>aequales</strong></span> <span class='ocrx_word' id='word_1_92' title='bbox 1319 2495 1489 2541; x_wconf 77' lang='lat' dir='ltr'><strong>testarmtur:</strong></span> 
     </span>
    </p>
   </div>
   <div class='ocr_carea' id='block_1_8' title="bbox 589 2634 1408 2966">
    <p class='ocr_par' dir='ltr' id='par_1_8' title="bbox 589 2634 1408 2966">
     <span class='ocr_line' id='line_1_16' title="bbox 721 2634 1275 2686; baseline 0 0"><span class='ocrx_word' id='word_1_93' title='bbox 721 2636 875 2686; x_wconf 68' lang='lat' dir='ltr'><strong>rossum</strong></span> <span class='ocrx_word' id='word_1_94' title='bbox 893 2635 1033 2686; x_wconf 78' lang='lat' dir='ltr'><strong>ascolus</strong></span> <span class='ocrx_word' id='word_1_95' title='bbox 1051 2634 1275 2686; x_wconf 75' lang='lat' dir='ltr'><strong>auuossouua.</strong></span> 
     </span>
     <span class='ocr_line' id='line_1_17' title="bbox 630 2722 1366 2790; baseline -0.001 -15"><span class='ocrx_word' id='word_1_96' title='bbox 630 2725 705 2776; x_wconf 87' lang='lat' dir='ltr'><strong>illmi.</strong></span> <span class='ocrx_word' id='word_1_97' title='bbox 725 2725 869 2777; x_wconf 72' lang='lat' dir='ltr'><strong>loturus</strong></span> <span class='ocrx_word' id='word_1_98' title='bbox 886 2725 1049 2786; x_wconf 69' lang='lat' dir='ltr'><strong>anasum,</strong></span> <span class='ocrx_word' id='word_1_99' title='bbox 1067 2723 1143 2776; x_wconf 89' lang='lat' dir='ltr'><strong>ducis</strong></span> <span class='ocrx_word' id='word_1_100' title='bbox 1161 2722 1366 2790; x_wconf 75' lang='lat' dir='ltr'><strong>megapolenais,</strong></span> 
     </span>
     <span class='ocr_line' id='line_1_18' title="bbox 589 2811 1408 2880; baseline -0.004 -16"><span class='ocrx_word' id='word_1_101' title='bbox 589 2815 660 2880; x_wconf 79' lang='lat' dir='ltr'><strong>apud</strong></span> <span class='ocrx_word' id='word_1_102' title='bbox 682 2813 779 2866; x_wconf 77' lang='lat' dir='ltr'><strong>siole.</strong></span> <span class='ocrx_word' id='word_1_103' title='bbox 802 2813 1013 2874; x_wconf 78' lang='lat' dir='ltr'><strong>AUGUSTUM,</strong></span> <span class='ocrx_word' id='word_1_104' title='bbox 1037 2811 1164 2863; x_wconf 87' lang='lat' dir='ltr'><strong>Poloniae</strong></span> <span class='ocrx_word' id='word_1_105' title='bbox 1186 2827 1291 2878; x_wconf 74' lang='lat' dir='ltr'><strong>regem,</strong></span> <span class='ocrx_word' id='word_1_106' title='bbox 1311 2818 1408 2874; x_wconf 85' lang='lat' dir='ltr'><strong>orator,</strong></span> 
     </span>
     <span class='ocr_line' id='line_1_19' title="bbox 813 2899 1181 2966; baseline -0.003 -15"><span class='ocrx_word' id='word_1_107' title='bbox 813 2901 904 2953; x_wconf 82' lang='lat' dir='ltr'><strong>divino</strong></span> <span class='ocrx_word' id='word_1_108' title='bbox 923 2901 1051 2952; x_wconf 77' lang='lat' dir='ltr'><strong>trorzro</strong></span> <span class='ocrx_word' id='word_1_109' title='bbox 1070 2917 1090 2952; x_wconf 92' lang='lat' dir='ltr'><strong>s.</strong></span> <span class='ocrx_word' id='word_1_110' title='bbox 1111 2917 1136 2966; x_wconf 83' lang='lat' dir='ltr'><strong>p.</strong></span> <span class='ocrx_word' id='word_1_111' title='bbox 1156 2899 1181 2951; x_wconf 91' lang='lat' dir='ltr'><strong>d.</strong></span> 
     </span>
    </p>
   </div>
   <div class='ocr_carea' id='block_1_9' title="bbox 427 3041 1569 3643">
    <p class='ocr_par' dir='ltr' id='par_1_9' title="bbox 427 3041 1569 3643">
     <span class='ocr_line' id='line_1_20' title="bbox 428 3041 1568 3109; baseline -0.004 -14"><span class='ocrx_word' id='word_1_112' title='bbox 428 3045 579 3109; x_wconf 75' lang='lat' dir='ltr'><strong>&#39;l‘autopore</strong></span> <span class='ocrx_word' id='word_1_113' title='bbox 599 3043 663 3094; x_wconf 83' lang='lat' dir='ltr'><strong>ruihi</strong></span> <span class='ocrx_word' id='word_1_114' title='bbox 683 3042 773 3094; x_wconf 75' lang='lat' dir='ltr'><strong>arrisit</strong></span> <span class='ocrx_word' id='word_1_115' title='bbox 791 3058 899 3096; x_wconf 87' lang='lat' dir='ltr'><strong>carmen</strong></span> <span class='ocrx_word' id='word_1_116' title='bbox 918 3044 945 3094; x_wconf 93' lang='lat' dir='ltr'><strong>lu</strong></span> <span class='ocrx_word' id='word_1_117' title='bbox 965 3042 1045 3095; x_wconf 73' lang='lat' dir='ltr'><strong>umet</strong></span> <span class='ocrx_word' id='word_1_118' title='bbox 1066 3041 1191 3109; x_wconf 75' lang='lat' dir='ltr'><strong>olliqlom,</strong></span> <span class='ocrx_word' id='word_1_119' title='bbox 1209 3041 1312 3108; x_wconf 76' lang='lat' dir='ltr'><strong>tuystt,</strong></span> <span class='ocrx_word' id='word_1_120' title='bbox 1332 3048 1415 3106; x_wconf 88' lang='lat' dir='ltr'><strong>tuum,</strong></span> <span class='ocrx_word' id='word_1_121' title='bbox 1434 3046 1464 3091; x_wconf 92' lang='lat' dir='ltr'><strong>ut</strong></span> <span class='ocrx_word' id='word_1_122' title='bbox 1483 3045 1568 3092; x_wconf 87' lang='lat' dir='ltr'><strong>totam</strong></span> 
     </span>
     <span class='ocr_line' id='line_1_21' title="bbox 428 3129 1568 3198; baseline -0.004 -14"><span class='ocrx_word' id='word_1_123' title='bbox 428 3132 561 3186; x_wconf 80' lang='lat' dir='ltr'><strong>Helicona</strong></span> <span class='ocrx_word' id='word_1_124' title='bbox 588 3131 616 3182; x_wconf 86' lang='lat' dir='ltr'><strong>in</strong></span> <span class='ocrx_word' id='word_1_125' title='bbox 645 3131 733 3184; x_wconf 85' lang='lat' dir='ltr'><strong>aniruo</strong></span> <span class='ocrx_word' id='word_1_126' title='bbox 760 3147 819 3183; x_wconf 86' lang='lat' dir='ltr'><strong>nreo</strong></span> <span class='ocrx_word' id='word_1_127' title='bbox 850 3131 968 3184; x_wconf 77' lang='lat' dir='ltr'><strong>moverit.</strong></span> <span class='ocrx_word' id='word_1_128' title='bbox 1005 3133 1073 3184; x_wconf 77' lang='lat' dir='ltr'><strong>Cum</strong></span> <span class='ocrx_word' id='word_1_129' title='bbox 1101 3130 1192 3198; x_wconf 90' lang='lat' dir='ltr'><strong>itaque</strong></span> <span class='ocrx_word' id='word_1_130' title='bbox 1220 3129 1398 3182; x_wconf 81' lang='lat' dir='ltr'><strong>Maximiliaal</strong></span> <span class='ocrx_word' id='word_1_131' title='bbox 1423 3129 1568 3196; x_wconf 80' lang='lat' dir='ltr'><strong>isnporato·</strong></span> 
     </span>
     <span class='ocr_line' id='line_1_22' title="bbox 427 3218 1568 3289; baseline -0.003 -16"><span class='ocrx_word' id='word_1_132' title='bbox 427 3222 465 3273; x_wconf 86' lang='lat' dir='ltr'><strong>ria</strong></span> <span class='ocrx_word' id='word_1_133' title='bbox 489 3222 572 3273; x_wconf 87' lang='lat' dir='ltr'><strong>nostri</strong></span> <span class='ocrx_word' id='word_1_134' title='bbox 598 3228 625 3274; x_wconf 94' lang='lat' dir='ltr'><strong>et</strong></span> <span class='ocrx_word' id='word_1_135' title='bbox 649 3221 787 3289; x_wconf 74' lang='lat' dir='ltr'><strong>ingenium</strong></span> <span class='ocrx_word' id='word_1_136' title='bbox 811 3228 839 3274; x_wconf 89' lang='lat' dir='ltr'><strong>et</strong></span> <span class='ocrx_word' id='word_1_137' title='bbox 863 3222 1012 3274; x_wconf 73' lang='lat' dir='ltr'><strong>doctrinam</strong></span> <span class='ocrx_word' id='word_1_138' title='bbox 1037 3229 1065 3274; x_wconf 90' lang='lat' dir='ltr'><strong>et</strong></span> <span class='ocrx_word' id='word_1_139' title='bbox 1090 3221 1218 3289; x_wconf 85' lang='lat' dir='ltr'><strong>pietatem</strong></span> <span class='ocrx_word' id='word_1_140' title='bbox 1241 3226 1269 3273; x_wconf 92' lang='lat' dir='ltr'><strong>et</strong></span> <span class='ocrx_word' id='word_1_141' title='bbox 1290 3218 1474 3271; x_wconf 78' lang='lat' dir='ltr'><strong>tortitudinem</strong></span> <span class='ocrx_word' id='word_1_142' title='bbox 1498 3218 1568 3270; x_wconf 87' lang='lat' dir='ltr'><strong>tantl</strong></span> 
     </span>
     <span class='ocr_line' id='line_1_23' title="bbox 428 3309 1569 3380; baseline -0.002 -18"><span class='ocrx_word' id='word_1_143' title='bbox 428 3311 540 3376; x_wconf 80' lang='lat' dir='ltr'><strong>faciam,</strong></span> <span class='ocrx_word' id='word_1_144' title='bbox 565 3319 596 3363; x_wconf 92' lang='lat' dir='ltr'><strong>ut</strong></span> <span class='ocrx_word' id='word_1_145' title='bbox 619 3311 699 3364; x_wconf 85' lang='lat' dir='ltr'><strong>rebus</strong></span> <span class='ocrx_word' id='word_1_146' title='bbox 717 3311 801 3380; x_wconf 72' lang='lat' dir='ltr'><strong>gestis</strong></span> <span class='ocrx_word' id='word_1_147' title='bbox 820 3319 946 3365; x_wconf 88' lang='lat' dir='ltr'><strong>cunctam</strong></span> <span class='ocrx_word' id='word_1_148' title='bbox 964 3311 1094 3362; x_wconf 89' lang='lat' dir='ltr'><strong>maiorum</strong></span> <span class='ocrx_word' id='word_1_149' title='bbox 1113 3325 1220 3362; x_wconf 86' lang='lat' dir='ltr'><strong>suornm</strong></span> <span class='ocrx_word' id='word_1_150' title='bbox 1244 3309 1358 3377; x_wconf 73' lang='lat' dir='ltr'><strong>gloriam</strong></span> <span class='ocrx_word' id='word_1_151' title='bbox 1379 3315 1569 3376; x_wconf 84' lang='lat' dir='ltr'><strong>superaturum</strong></span> 
     </span>
     <span class='ocr_line' id='line_1_24' title="bbox 428 3397 1569 3467; baseline -0.004 -15"><span class='ocrx_word' id='word_1_152' title='bbox 428 3417 540 3466; x_wconf 79' lang='lat' dir='ltr'><strong>sperem,</strong></span> <span class='ocrx_word' id='word_1_153' title='bbox 558 3401 639 3452; x_wconf 86' lang='lat' dir='ltr'><strong>libuit</strong></span> <span class='ocrx_word' id='word_1_154' title='bbox 657 3408 685 3452; x_wconf 95' lang='lat' dir='ltr'><strong>et</strong></span> <span class='ocrx_word' id='word_1_155' title='bbox 701 3401 730 3451; x_wconf 91' lang='lat' dir='ltr'><strong>in</strong></span> <span class='ocrx_word' id='word_1_156' title='bbox 749 3401 806 3452; x_wconf 89' lang='lat' dir='ltr'><strong>eius</strong></span> <span class='ocrx_word' id='word_1_157' title='bbox 824 3400 971 3466; x_wconf 73' lang='lat' dir='ltr'><strong>imaginem</strong></span> <span class='ocrx_word' id='word_1_158' title='bbox 989 3400 1040 3451; x_wconf 85' lang='lat' dir='ltr'><strong>hoc</strong></span> <span class='ocrx_word' id='word_1_159' title='bbox 1059 3399 1225 3467; x_wconf 72' lang='lat' dir='ltr'><strong>epigramma</strong></span> <span class='ocrx_word' id='word_1_160' title='bbox 1242 3398 1363 3450; x_wconf 86' lang='lat' dir='ltr'><strong>condere.</strong></span> <span class='ocrx_word' id='word_1_161' title='bbox 1389 3399 1479 3465; x_wconf 76' lang='lat' dir='ltr'><strong>Turpe</strong></span> <span class='ocrx_word' id='word_1_162' title='bbox 1497 3397 1569 3450; x_wconf 87' lang='lat' dir='ltr'><strong>enim</strong></span> 
     </span>
     <span class='ocr_line' id='line_1_25' title="bbox 427 3485 1568 3554; baseline -0.005 -15"><span class='ocrx_word' id='word_1_163' title='bbox 427 3488 493 3539; x_wconf 90' lang='lat' dir='ltr'><strong>mibi</strong></span> <span class='ocrx_word' id='word_1_164' title='bbox 512 3503 570 3539; x_wconf 86' lang='lat' dir='ltr'><strong>esse</strong></span> <span class='ocrx_word' id='word_1_165' title='bbox 589 3489 662 3551; x_wconf 89' lang='lat' dir='ltr'><strong>duxi,</strong></span> <span class='ocrx_word' id='word_1_166' title='bbox 680 3489 713 3539; x_wconf 91' lang='lat' dir='ltr'><strong>de</strong></span> <span class='ocrx_word' id='word_1_167' title='bbox 731 3489 820 3554; x_wconf 86' lang='lat' dir='ltr'><strong>equite</strong></span> <span class='ocrx_word' id='word_1_168' title='bbox 838 3487 938 3538; x_wconf 90' lang='lat' dir='ltr'><strong>Poiono</strong></span> <span class='ocrx_word' id='word_1_169' title='bbox 956 3488 1056 3552; x_wconf 81' lang='lat' dir='ltr'><strong>Royaio</strong></span> <span class='ocrx_word' id='word_1_170' title='bbox 1075 3493 1198 3549; x_wconf 79' lang='lat' dir='ltr'><strong>canente,</strong></span> <span class='ocrx_word' id='word_1_171' title='bbox 1219 3485 1252 3537; x_wconf 90' lang='lat' dir='ltr'><strong>dc</strong></span> <span class='ocrx_word' id='word_1_172' title='bbox 1271 3486 1416 3537; x_wconf 69' lang='lat' dir='ltr'><strong>fortissimo</strong></span> <span class='ocrx_word' id='word_1_173' title='bbox 1434 3487 1568 3539; x_wconf 79' lang='lat' dir='ltr'><strong>Germano</strong></span> 
     </span>
     <span class='ocr_line' id='line_1_26' title="bbox 427 3574 1378 3643; baseline 0 -17"><span class='ocrx_word' id='word_1_174' title='bbox 427 3576 547 3643; x_wconf 83' lang='lat' dir='ltr'><strong>principe</strong></span> <span class='ocrx_word' id='word_1_175' title='bbox 567 3576 685 3642; x_wconf 83' lang='lat' dir='ltr'><strong>adeoque</strong></span> <span class='ocrx_word' id='word_1_176' title='bbox 702 3576 862 3642; x_wconf 80' lang='lat' dir='ltr'><strong>imperatore</strong></span> <span class='ocrx_word' id='word_1_177' title='bbox 880 3575 1002 3628; x_wconf 83' lang='lat' dir='ltr'><strong>Riccium</strong></span> <span class='ocrx_word' id='word_1_178' title='bbox 1020 3574 1109 3628; x_wconf 87' lang='lat' dir='ltr'><strong>silere.</strong></span> <span class='ocrx_word' id='word_1_179' title='bbox 1129 3575 1292 3627; x_wconf 70' lang='lat' dir='ltr'><strong>suavissime</strong></span> <span class='ocrx_word' id='word_1_180' title='bbox 1309 3574 1378 3626; x_wconf 82' lang='lat' dir='ltr'><strong>vale.</strong></span> 
     </span>
    </p>
   </div>
   <div class='ocr_carea' id='block_1_10' title="bbox 747 3737 1248 3818">
    <p class='ocr_par' dir='ltr' id='par_1_10' title="bbox 747 3737 1248 3818">
     <span class='ocr_line' id='line_1_27' title="bbox 747 3737 1248 3818; baseline -0.002 -30"><span class='ocrx_word' id='word_1_181' title='bbox 747 3737 780 3788; x_wconf 86' lang='lat' dir='ltr'><strong>ln</strong></span> <span class='ocrx_word' id='word_1_182' title='bbox 798 3738 915 3806; x_wconf 72' lang='lat' dir='ltr'><strong>effigiem</strong></span> <span class='ocrx_word' id='word_1_183' title='bbox 932 3737 989 3790; x_wconf 80' lang='lat' dir='ltr'><strong>divi</strong></span> <span class='ocrx_word' id='word_1_184' title='bbox 1007 3737 1248 3818; x_wconf 69' lang='lat' dir='ltr'><strong>immunera</strong></span> 
     </span>
    </p>
   </div>
   <div class='ocr_carea' id='block_1_11' title="bbox 482 3862 1287 4374">
    <p class='ocr_par' dir='ltr' id='par_1_11' title="bbox 482 3862 1287 4374">
     <span class='ocr_line' id='line_1_28' title="bbox 536 3862 1287 3931; baseline -0.005 -14"><span class='ocrx_word' id='word_1_185' title='bbox 536 3867 616 3918; x_wconf 85' lang='lat' dir='ltr'><strong>Hanc</strong></span> <span class='ocrx_word' id='word_1_186' title='bbox 636 3865 756 3918; x_wconf 90' lang='lat' dir='ltr'><strong>tabulam</strong></span> <span class='ocrx_word' id='word_1_187' title='bbox 775 3865 908 3931; x_wconf 74' lang='lat' dir='ltr'><strong>Cytherea</strong></span> <span class='ocrx_word' id='word_1_188' title='bbox 926 3865 983 3916; x_wconf 83' lang='lat' dir='ltr'><strong>Iovi</strong></span> <span class='ocrx_word' id='word_1_189' title='bbox 1002 3863 1169 3927; x_wconf 84' lang='lat' dir='ltr'><strong>ostendebat,</strong></span> <span class='ocrx_word' id='word_1_190' title='bbox 1188 3868 1215 3916; x_wconf 91' lang='lat' dir='ltr'><strong>et</strong></span> <span class='ocrx_word' id='word_1_191' title='bbox 1232 3862 1287 3926; x_wconf 86' lang='lat' dir='ltr'><strong>ille,</strong></span> 
     </span>
     <span class='ocr_line' id='line_1_29' title="bbox 590 3954 1149 4022; baseline -0.005 -15"><span class='ocrx_word' id='word_1_192' title='bbox 590 3956 628 4007; x_wconf 92' lang='lat' dir='ltr'><strong>Ut</strong></span> <span class='ocrx_word' id='word_1_193' title='bbox 645 3955 699 4006; x_wconf 85' lang='lat' dir='ltr'><strong>lixa</strong></span> <span class='ocrx_word' id='word_1_194' title='bbox 716 3955 745 4006; x_wconf 89' lang='lat' dir='ltr'><strong>in</strong></span> <span class='ocrx_word' id='word_1_195' title='bbox 762 3955 843 4022; x_wconf 82' lang='lat' dir='ltr'><strong>pictis</strong></span> <span class='ocrx_word' id='word_1_196' title='bbox 861 3954 981 4006; x_wconf 84' lang='lat' dir='ltr'><strong>vultibus</strong></span> <span class='ocrx_word' id='word_1_197' title='bbox 999 3969 1048 4004; x_wconf 88' lang='lat' dir='ltr'><strong>ora</strong></span> <span class='ocrx_word' id='word_1_198' title='bbox 1067 3959 1149 4017; x_wconf 91' lang='lat' dir='ltr'><strong>tenet,</strong></span> 
     </span>
     <span class='ocr_line' id='line_1_30' title="bbox 538 4039 1278 4109; baseline -0.007 -14"><span class='ocrx_word' id='word_1_199' title='bbox 538 4044 632 4108; x_wconf 70' lang='lat' dir='ltr'><strong>,Quid</strong></span> <span class='ocrx_word' id='word_1_200' title='bbox 650 4044 715 4109; x_wconf 87' lang='lat' dir='ltr'><strong>scio,</strong></span> <span class='ocrx_word' id='word_1_201' title='bbox 733 4050 800 4095; x_wconf 89' lang='lat' dir='ltr'><strong>nata</strong></span> <span class='ocrx_word' id='word_1_202' title='bbox 817 4042 894 4106; x_wconf 82' lang='lat' dir='ltr'><strong>veiis,</strong></span> <span class='ocrx_word' id='word_1_203' title='bbox 912 4049 940 4094; x_wconf 92' lang='lat' dir='ltr'><strong>et</strong></span> <span class='ocrx_word' id='word_1_204' title='bbox 959 4050 1048 4094; x_wconf 88' lang='lat' dir='ltr'><strong>tecum</strong></span> <span class='ocrx_word' id='word_1_205' title='bbox 1066 4041 1179 4106; x_wconf 82' lang='lat' dir='ltr'><strong>seutio“,</strong></span> <span class='ocrx_word' id='word_1_206' title='bbox 1198 4039 1278 4104; x_wconf 80' lang='lat' dir='ltr'><strong>dixit3</strong></span> 
     </span>
     <span class='ocr_line' id='line_1_31' title="bbox 591 4130 1148 4197; baseline -0.005 -14"><span class='ocrx_word' id='word_1_207' title='bbox 591 4134 714 4197; x_wconf 77' lang='lat' dir='ltr'><strong>,Aeneae</strong></span> <span class='ocrx_word' id='word_1_208' title='bbox 732 4133 831 4184; x_wconf 76' lang='lat' dir='ltr'><strong>faciem</strong></span> <span class='ocrx_word' id='word_1_209' title='bbox 848 4130 1039 4182; x_wconf 77' lang='lat' dir='ltr'><strong>Maxmilianus</strong></span> <span class='ocrx_word' id='word_1_210' title='bbox 1058 4130 1148 4181; x_wconf 87' lang='lat' dir='ltr'><strong>babet.</strong></span> 
     </span>
     <span class='ocr_line' id='line_1_32' title="bbox 482 4217 1257 4285; baseline -0.006 -13"><span class='ocrx_word' id='word_1_211' title='bbox 482 4218 508 4272; x_wconf 80' lang='lat' dir='ltr'><strong>b.</strong></span> <span class='ocrx_word' id='word_1_212' title='bbox 536 4221 593 4273; x_wconf 79' lang='lat' dir='ltr'><strong>Nec</strong></span> <span class='ocrx_word' id='word_1_213' title='bbox 611 4220 717 4271; x_wconf 86' lang='lat' dir='ltr'><strong>dubita:</strong></span> <span class='ocrx_word' id='word_1_214' title='bbox 736 4219 810 4271; x_wconf 89' lang='lat' dir='ltr'><strong>illius</strong></span> <span class='ocrx_word' id='word_1_215' title='bbox 829 4235 900 4272; x_wconf 90' lang='lat' dir='ltr'><strong>nunc</strong></span> <span class='ocrx_word' id='word_1_216' title='bbox 919 4219 1012 4285; x_wconf 85' lang='lat' dir='ltr'><strong>qualia</strong></span> <span class='ocrx_word' id='word_1_217' title='bbox 1030 4220 1105 4269; x_wconf 83' lang='lat' dir='ltr'><strong>lucta</strong></span> <span class='ocrx_word' id='word_1_218' title='bbox 1123 4217 1257 4284; x_wconf 74' lang='lat' dir='ltr'><strong>legantur,</strong></span> 
     </span>
     <span class='ocr_line' id='line_1_33' title="bbox 591 4295 1136 4374; baseline -0.007 -14"><span class='ocrx_word' id='word_1_219' title='bbox 591 4308 678 4360; x_wconf 82' lang='lat' dir='ltr'><strong>liuius</strong></span> <span class='ocrx_word' id='word_1_220' title='bbox 697 4311 773 4361; x_wconf 85' lang='lat' dir='ltr'><strong>iacta</strong></span> <span class='ocrx_word' id='word_1_221' title='bbox 790 4307 863 4374; x_wconf 70' lang='lat' dir='ltr'><strong>leget</strong></span> <span class='ocrx_word' id='word_1_222' title='bbox 881 4307 949 4359; x_wconf 87' lang='lat' dir='ltr'><strong>talia</strong></span> <span class='ocrx_word' id='word_1_223' title='bbox 966 4295 1136 4373; x_wconf 76' lang='lat' dir='ltr'><strong>posteritas“.</strong></span> 
     </span>
    </p>
   </div>
   <div class='ocr_carea' id='block_1_12' title="bbox 428 4460 1572 4711">
    <p class='ocr_par' dir='ltr' id='par_1_12' title="bbox 428 4460 1572 4711">
     <span class='ocr_line' id='line_1_34' title="bbox 537 4460 1572 4532; baseline -0.008 -12"><span class='ocrx_word' id='word_1_224' title='bbox 537 4470 604 4520; x_wconf 78' lang='lat' dir='ltr'><strong>Cam</strong></span> <span class='ocrx_word' id='word_1_225' title='bbox 622 4466 836 4520; x_wconf 82' lang='lat' dir='ltr'><strong>Maximiiianum</strong></span> <span class='ocrx_word' id='word_1_226' title='bbox 855 4481 896 4517; x_wconf 85' lang='lat' dir='ltr'><strong>aa</strong></span> <span class='ocrx_word' id='word_1_227' title='bbox 911 4464 1089 4520; x_wconf 71' lang='lat' dir='ltr'><strong>tout-1576</strong></span> <span class='ocrx_word' id='word_1_228' title='bbox 1108 4466 1296 4532; x_wconf 84' lang='lat' dir='ltr'><strong>imperatorem</strong></span> <span class='ocrx_word' id='word_1_229' title='bbox 1314 4463 1398 4515; x_wconf 83' lang='lat' dir='ltr'><strong>tuisse</strong></span> <span class='ocrx_word' id='word_1_230' title='bbox 1417 4467 1521 4516; x_wconf 83' lang='lat' dir='ltr'><strong>constet</strong></span> <span class='ocrx_word' id='word_1_231' title='bbox 1537 4460 1572 4513; x_wconf 92' lang='lat' dir='ltr'><strong>de</strong></span> 
     </span>
     <span class='ocr_line' id='line_1_35' title="bbox 429 4549 1571 4622; baseline -0.005 -14"><span class='ocrx_word' id='word_1_232' title='bbox 429 4557 492 4608; x_wconf 75' lang='lat' dir='ltr'><strong>viro</strong></span> <span class='ocrx_word' id='word_1_233' title='bbox 510 4563 600 4609; x_wconf 87' lang='lat' dir='ltr'><strong>autem</strong></span> <span class='ocrx_word' id='word_1_234' title='bbox 619 4556 687 4608; x_wconf 84' lang='lat' dir='ltr'><strong>baec</strong></span> <span class='ocrx_word' id='word_1_235' title='bbox 705 4555 806 4621; x_wconf 84' lang='lat' dir='ltr'><strong>scripta</strong></span> <span class='ocrx_word' id='word_1_236' title='bbox 823 4570 882 4608; x_wconf 85' lang='lat' dir='ltr'><strong>esee</strong></span> <span class='ocrx_word' id='word_1_237' title='bbox 900 4554 1016 4622; x_wconf 79' lang='lat' dir='ltr'><strong>epistula</strong></span> <span class='ocrx_word' id='word_1_238' title='bbox 1035 4555 1111 4606; x_wconf 83' lang='lat' dir='ltr'><strong>Ricci</strong></span> <span class='ocrx_word' id='word_1_239' title='bbox 1130 4553 1164 4605; x_wconf 87' lang='lat' dir='ltr'><strong>ed</strong></span> <span class='ocrx_word' id='word_1_240' title='bbox 1182 4552 1312 4618; x_wconf 81' lang='lat' dir='ltr'><strong>Royaium</strong></span> <span class='ocrx_word' id='word_1_241' title='bbox 1332 4552 1415 4602; x_wconf 85' lang='lat' dir='ltr'><strong>missa</strong></span> <span class='ocrx_word' id='word_1_242' title='bbox 1433 4549 1571 4603; x_wconf 82' lang='lat' dir='ltr'><strong>declarare</strong></span> 
     </span>
     <span class='ocr_line' id='line_1_36' title="bbox 428 4637 1572 4711; baseline -0.007 -14"><span class='ocrx_word' id='word_1_243' title='bbox 428 4645 562 4710; x_wconf 78' lang='lat' dir='ltr'><strong>videatur,</strong></span> <span class='ocrx_word' id='word_1_244' title='bbox 587 4646 637 4697; x_wconf 90' lang='lat' dir='ltr'><strong>hoc</strong></span> <span class='ocrx_word' id='word_1_245' title='bbox 655 4644 714 4711; x_wconf 76' lang='lat' dir='ltr'><strong>ipso</strong></span> <span class='ocrx_word' id='word_1_246' title='bbox 732 4651 850 4710; x_wconf 83' lang='lat' dir='ltr'><strong>tempme</strong></span> <span class='ocrx_word' id='word_1_247' title='bbox 869 4650 896 4695; x_wconf 89' lang='lat' dir='ltr'><strong>et</strong></span> <span class='ocrx_word' id='word_1_248' title='bbox 913 4643 1007 4709; x_wconf 76' lang='lat' dir='ltr'><strong>Roysii</strong></span> <span class='ocrx_word' id='word_1_249' title='bbox 1026 4658 1135 4696; x_wconf 81' lang='lat' dir='ltr'><strong>carmen</strong></span> <span class='ocrx_word' id='word_1_250' title='bbox 1159 4641 1188 4692; x_wconf 88' lang='lat' dir='ltr'><strong>in</strong></span> <span class='ocrx_word' id='word_1_251' title='bbox 1207 4640 1287 4692; x_wconf 85' lang='lat' dir='ltr'><strong>Lasci</strong></span> <span class='ocrx_word' id='word_1_252' title='bbox 1306 4640 1424 4707; x_wconf 69' lang='lat' dir='ltr'><strong>effigiem</strong></span> <span class='ocrx_word' id='word_1_253' title='bbox 1441 4637 1572 4704; x_wconf 76' lang='lat' dir='ltr'><strong>seriptum</strong></span> 
     </span>
    </p>
   </div>
   <div class='ocr_carea' id='block_1_13' title="bbox 430 4735 1276 4885">
    <p class='ocr_par' dir='ltr' id='par_1_13' title="bbox 430 4735 1276 4885">
     <span class='ocr_line' id='line_1_37' title="bbox 430 4735 718 4787; baseline 0 -3"><span class='ocrx_word' id='word_1_254' title='bbox 430 4749 488 4786; x_wconf 89' lang='lat' dir='ltr'><strong>esse</strong></span> <span class='ocrx_word' id='word_1_255' title='bbox 506 4735 651 4787; x_wconf 75' lang='lat' dir='ltr'><strong>verisimile</strong></span> <span class='ocrx_word' id='word_1_256' title='bbox 669 4741 718 4784; x_wconf 83' lang='lat' dir='ltr'><strong>est</strong></span> 
     </span>
     <span class='ocr_line' id='line_1_38' title="bbox 538 4820 1276 4885; baseline -0.007 -11"><span class='ocrx_word' id='word_1_257' title='bbox 538 4820 644 4874; x_wconf 76' lang='lat' dir='ltr'><strong>&#39;Cora</strong></span> <span class='ocrx_word' id='word_1_258' title='bbox 665 4822 700 4876; x_wconf 88' lang='grc'><strong>70</strong></span> <span class='ocrx_word' id='word_1_259' title='bbox 717 4823 767 4874; x_wconf 87' lang='lat' dir='ltr'><strong>sub</strong></span> <span class='ocrx_word' id='word_1_260' title='bbox 787 4821 878 4874; x_wconf 86' lang='lat' dir='ltr'><strong>titulo:</strong></span> <span class='ocrx_word' id='word_1_261' title='bbox 900 4821 957 4885; x_wconf 79' lang='lat' dir='ltr'><strong>,sd</strong></span> <span class='ocrx_word' id='word_1_262' title='bbox 975 4820 1116 4873; x_wconf 81' lang='lat' dir='ltr'><strong>Albertum</strong></span> <span class='ocrx_word' id='word_1_263' title='bbox 1134 4821 1276 4873; x_wconf 77' lang='lat' dir='ltr'><strong>Lasoum‘.</strong></span> 
     </span>
    </p>
   </div>
   <div class='ocr_carea' id='block_1_14' title="bbox 0 0 2060 5767">
    <p class='ocr_par' dir='ltr' id='par_1_14' title="bbox 0 0 2060 5767">
     <span class='ocr_line' id='line_1_39' title="bbox 0 0 2060 5767; baseline 0 0"><span class='ocrx_word' id='word_1_264' title='bbox 0 0 2060 5767; x_wconf 95' lang='lat' dir='ltr'><strong> </strong></span> 
     </span>
    </p>
   </div>
  </div>
 </body>
</html>
