4109 5767
897 746 1070 784 usurrscsxs.
1485 731 1551 798 291

519 948 589 1014 Neo
611 957 644 1014 te
667 946 819 1012 maiestas
842 947 891 1012 sie
913 946 1004 1034 regia
1025 945 1116 1012 laesa
1137 944 1282 1012 movebit

572 1053 787 1143 Armebitque
809 1062 883 1121 tuae
906 1053 941 1119 in
963 1053 1034 1120 fera
1055 1051 1142 1120 bella
1165 1053 1304 1119 manus?

458 1185 484 1228 s.
517 1164 619 1230 Terra
641 1162 734 1250 prius
758 1159 847 1228 eaelo
870 1183 905 1228 se
927 1161 1071 1246 misceat,
1093 1158 1224 1226 aethera
1246 1169 1344 1249 ponto
1355 1164 1376 1248 ¹,
1398 1200 1442 1210 —

573 1268 697 1335 Pontus
721 1290 831 1354 aquas,
854 1265 950 1334 tellus
973 1264 1112 1354 deneget
1132 1264 1317 1354 hospitium,

519 1375 627 1452 Quam
650 1371 824 1460 pulohrum
847 1371 948 1438 leohi
971 1393 1075 1458 genus
1095 1369 1183 1437 bauo
1204 1370 1348 1458 patiatur
1369 1371 1517 1458 inultum,

572 1477 666 1558 Quae
688 1476 784 1564 regui
807 1484 933 1564 seeptro
955 1475 1061 1564 turpis
1082 1476 1193 1541 inusta
1214 1483 1293 1542 neta
1314 1484 1371 1541 est.

519 1583 614 1668 Aere,
638 1581 715 1668 seio,
738 1590 863 1670 pugnat
885 1580 1022 1668 signato,
1043 1588 1168 1668 pugnat
1190 1589 1223 1646 et
1244 1601 1300 1648 oro

435 1709 485 1755 so.
569 1686 696 1755 Fallaoi
719 1686 849 1756 Godani
871 1684 995 1775 perfida
1017 1685 1196 1775 progenies.

521 1796 677 1881 ldxeusat,
699 1793 839 1880 redimit,
861 1816 945 1882 quae
967 1791 1100 1859 admisit
1122 1792 1273 1877 orimiue3
1294 1793 1414 1882 vincet,

572 1901 609 1969 Si
631 1911 668 1966 tu
691 1900 880 1968 observator
902 1900 967 1966 oris
988 1907 1022 1965 et
1044 1899 1128 1966 seris
1150 1899 1223 1966 eris.

518 2009 610 2073 Dum
633 2029 723 2073 mare
746 2005 916 2094 navigium
939 2014 1037 2094 neget
1058 2012 1091 2072 et
1112 2002 1279 2073 nimbosus
1302 2005 1403 2074 Orion

574 2113 657 2180 Esse
679 2111 771 2179 iubet
791 2111 934 2178 tumidas
956 2134 1014 2200 per
1038 2111 1125 2179 vada
1148 2111 1235 2178 salsa
1255 2113 1338 2199 vias,

437 2243 488 2288 rs.
521 2218 676 2288 Anibiet¹
698 2221 798 2288 allatu
822 2217 943 2288 blando
965 2241 1139 2310 rupemque
1161 2227 1340 2312 patreque,

576 2329 676 2399 lluud
698 2329 903 2399 Dantisoano
926 2329 1054 2398 dulcior
1076 2329 1164 2398 ullus
1185 2329 1256 2399 erit

519 2440 583 2506 Ast
606 2440 663 2507 ubi
687 2441 790 2507 tristis
812 2439 916 2506 hiems
938 2439 1034 2507 oadet
1054 2449 1087 2507 et
1109 2439 1280 2508 tractabile
1301 2439 1429 2508 eaelum

573 2548 733 2615 Pacatum
755 2549 865 2616 nautis
887 2571 944 2638 per
966 2571 1056 2615 mare
1078 2547 1193 2615 reddet
1212 2548 1287 2617 iter:

520 2655 612 2736 Quae
635 2677 724 2722 nune
747 2655 908 2723 submittit
931 2655 1087 2742 astriotes,
1108 2655 1223 2743 eriget3
1246 2677 1351 2744 agnus

434 2784 487 2828 so.
570 2762 614 2828 Et
635 2763 692 2850 qui
716 2767 788 2829 eet⁸
810 2785 899 2830 nuno
921 2762 1019 2850 mitis,
1042 2772 1112 2827 tum
1134 2761 1185 2828 leo
1208 2784 1325 2828 saevus
1347 2763 1419 2829 erit.

521 2867 581 2933 [ist
603 2891 695 2935 mora
717 2891 804 2936 more
827 2869 910 2936 bene
932 2891 1000 2935 rem
1023 2879 1055 2935 et
1073 2877 1171 2956 reete,
1192 2867 1393 2955 mihicrede,
1409 2869 1557 2958 gerendi3

573 2973 666 3040 Tolle
688 2997 810 3063 omnes,
832 2974 977 3064 prudens
999 2975 1027 3040 si
1050 2975 1147 3063 sapie,
1168 2997 1246 3063 ergo
1268 2995 1385 3042 mores

522 3080 565 3146 Et
588 3081 767 3148 maiestatis
790 3081 983 3148 sceleratum
1006 3081 1165 3148 uloisrere
1187 3081 1324 3162 orimum

574 3186 717 3276 Augusti
740 3196 916 3274 augustum
939 3187 990 3272 sit,
1013 3186 1077 3273 iao,
1099 3195 1136 3252 ut
1157 3186 1339 3275 imperium

762 3593 798 3650 lu
817 3592 1041 3651 Gedausustum
1059 3597 1215 3664 patronos.

518 3717 590 3802 Qui
611 3720 835 3788 Deutisoauae
857 3743 975 3789 oausae
997 3720 1106 3789 studet
1127 3718 1304 3811 improbus,
1326 3719 1442 3788 urbem

576 3828 710 3916 Legatis
732 3827 879 3896 elausam
900 3852 963 3897 neo
984 3837 1078 3918 putet
1098 3852 1170 3897 esse
1191 3827 1294 3916 nefas,

522 3933 583 4002 Ille
606 3935 676 4001 suis
698 3937 991 4025 peregre-veniens
1014 3936 1189 4004 suooedere
1210 3935 1306 4003 teotis

576 4041 660 4108 (lum
683 4040 770 4107 volet
792 4051 825 4108 et
845 4051 939 4108 notos
961 4043 1067 4109 sessus
1089 4041 1181 4108 adire
1201 4041 1296 4127 lares,

459 4165 489 4211 s.
520 4145 694 4213 Portarum
716 4145 845 4214 obieeta
867 4147 980 4236 prooul
1003 4147 1198 4214 excludatur
1218 4147 1376 4236 inopsque

576 4249 644 4320 Sub
669 4251 724 4318 dio
746 4251 928 4342 algidulum
950 4253 1109 4342 quaeritet
1129 4251 1315 4341 hospitium.

411 4385 619 4398 m

523 4443 531 4476 ¹
551 4446 608 4500 rell.
629 4446 743 4500 misceat
759 4453 839 4502 terra
864 4447 918 4502 ssd
936 4449 967 4500 a
987 4447 1101 4500 tortasse
1118 4446 1240 4513 scripsit:
1266 4446 1431 4514 ,tetbrsqus
1449 4448 1558 4514 puoto&

278 4575 282 4582 .
417 4559 429 4572 ι
522 4533 533 4565 ¹
551 4535 621 4589 rusti.
643 4535 804 4606 „umblgot“‚
823 4537 893 4606 quod
911 4537 1013 4606 sprevi3
1032 4551 1095 4588 auru
1114 4536 1247 4604 elipeum
1265 4543 1307 4588 est
1327 4535 1487 4589 inusitatum
1506 4535 1559 4588 hso

411 4625 531 4692 notione,
549 4631 577 4679 st
596 4642 613 4679 a
631 4627 731 4695 Royrlo
750 4627 899 4696 Vergilium
917 4634 1009 4681 secuto
1026 4627 1057 4679 ln
1069 4625 1158 4679 verbis
1178 4625 1279 4692 „affatu
1290 4626 1406 4678 blando*
1420 4625 1558 4679 ambiendi

410 4716 526 4768 verbum
544 4715 688 4769 locutionis
707 4716 874 4785 vergilium
892 4723 1025 4770 mutatum
1043 4731 1102 4770 esse
1119 4718 1166 4769 vix
1182 4721 1225 4770 sst
1242 4717 1378 4771 credibile
1439 4737 1444 4746 ·
1480 4737 1487 4750 ·
1508 4739 1515 4752 ·

421 4841 427 4856 .
472 4842 477 4854 .
524 4801 627 4870 ’,ειν
647 4804 814 4859 desideratur
832 4807 861 4858 iu
878 4807 896 4859 Ι.
915 4807 989 4860 tom.

1402 4893 1455 4948 19·
