4109 5767
656 760 710 827 3⁰
1140 774 1218 810 mu
1236 773 1325 810 mm
1700 841 1787 866 ===

773 967 939 1035 Diffiuilea
960 987 1003 1034 ue
1025 963 1123 1034 erede
1145 963 1264 1053 aditus,
1285 964 1381 1054 intra,
1403 963 1517 1032 oauula
1538 963 1675 1032 dextrae

774 1077 947 1166 Auguatae
967 1073 1064 1164 figas:
1085 1071 1180 1140 vultu
1202 1070 1367 1162 excipiere
1388 1093 1511 1140 sereno.

659 1183 663 1190 ’
685 1206 741 1254 ιι.
772 1185 941 1273 Auguatoa
962 1180 1059 1250 deeet
1078 1179 1142 1248 hou
1164 1202 1270 1248 morea
1292 1201 1484 1271 aanramque
1506 1199 1668 1248 eoronam.

772 1291 825 1358 Ne
846 1289 972 1379 dubita,
995 1289 1018 1378 i,
1039 1288 1139 1357 fuerit
1161 1286 1281 1356 dehine
1303 1309 1380 1356 uum
1401 1286 1479 1355 data
1500 1287 1595 1377 eopia
1616 1285 1714 1376 fandi,

775 1396 960 1488 Oompoaite
983 1397 1094 1484 affare,
1116 1405 1149 1464 et
1171 1394 1252 1462 talea
1274 1393 1375 1463 redde
1398 1417 1453 1462 ore
1474 1393 1634 1485 loquelam

862 1504 1000 1594 Regina,
1021 1503 1235 1571 Auatriaeum
1255 1525 1370 1592 genua,
1391 1502 1458 1570 altu
1479 1503 1674 1593 aaanquine
1687 1525 1795 1592 regum,

714 1658 717 1662 -
773 1613 922 1703 Iuppiter
943 1610 1095 1680 aetherea
1116 1632 1215 1702 quam
1237 1609 1375 1700 longum
1395 1610 1523 1678 veauier
1544 1632 1626 1678 aura

683 1744 742 1790 ao.
772 1721 910 1788 Annuat
930 1728 964 1789 aa
985 1717 1129 1787 thalamo
1152 1716 1272 1786 multoe
1294 1717 1438 1808 gaudere
1458 1740 1518 1808 per
1539 1740 1652 1807 aanor,

772 1827 890 1917 Reguli
911 1825 1064 1916 thalamo,
1088 1824 1274 1914 sirmundo,
1295 1847 1373 1916 nege
1394 1824 1524 1894 marito:

773 1935 830 2002 Ad
850 1944 885 2002 te
906 1956 966 2001 uua
987 1942 1091 2022 vater,
1114 1932 1272 2023 Hispania
1294 1942 1392 2000 netur
1414 1933 1450 1999 iu
1472 1933 1548 2021 oria,

773 2043 942 2130 Aeeepere
964 2064 1025 2108 auo
1049 2061 1134 2131 quae
1155 2063 1177 2107 a
1197 2040 1332 2109 flumine
1353 2062 1473 2107 nomeu
1494 2039 1600 2127 Ibero,

774 2145 882 2212 Gente
902 2146 1036 2236 Reynea
1057 2145 1193 2211 Maurea
1214 2155 1247 2210 et
1268 2154 1366 2232 gente
1387 2145 1571 2232 profectum

683 2274 741 2320 aa.
773 2250 876 2317 Haud
898 2272 1004 2340 genua
1028 2249 1214 2336 obeeurum,
1234 2249 1346 2338 legum
1367 2247 1458 2315 haud
1479 2250 1611 2337 ignotus
1631 2247 1668 2314 in
1690 2246 1766 2314 urbe

774 2357 937 2424 Oranuvia
958 2357 1118 2445 interpres
1140 2355 1283 2446 iustique
1304 2354 1464 2445 aequique
1485 2355 1650 2443 magister,
1672 2391 1715 2404 —

774 2462 831 2530 Ad
852 2472 887 2530 te
908 2455 968 2530 noa
990 2463 1082 2530 misit
1102 2463 1262 2552 iussitque
1282 2460 1365 2530 haee
1386 2483 1494 2552 panea
1515 2461 1646 2529 referre

776 2571 971 2640 Oraeoviam
993 2593 1099 2662 nuper
1120 2570 1266 2638 venienti
1288 2591 1459 2638 oneurrere
1480 2570 1517 2636 in
1539 2568 1654 2638 urbem

775 2679 817 2746 In
840 2702 962 2769 magno
984 2679 1130 2746 medium
1153 2679 1318 2769 uomitum,
1339 2679 1500 2768 praestitit
1522 2679 1628 2746 omnia

685 2810 743 2857 ao.
775 2787 873 2869 Quod
894 2787 957 2855 tibi
980 2786 1142 2856 Sarmatia
1164 2787 1200 2854 in
1221 2785 1328 2876 longia
1352 2795 1497 2876 apeetata
1519 2785 1669 2875 ceteruia,

777 2896 934 2984 Argento,
955 2917 1086 2984 gemma
1108 2904 1141 2962 et
1162 2893 1264 2961 multo
1287 2892 1533 2983 splendentibua
1556 2915 1649 2961 euroz

775 3001 851 3067 Nou
872 3001 944 3090 epia
965 3000 1064 3087 illiue,
1087 3023 1152 3067 non
1175 3000 1264 3067 illiue
1286 3001 1350 3067 iate
1372 2999 1525 3086 faeultaa3

777 3107 875 3188 Quod
897 3107 1059 3197 Phoebus,
1081 3108 1197 3175 Musae
1219 3109 1393 3196 errantique
1413 3106 1533 3175 (ledere
1555 3105 1696 3176 laborer:

778 3214 852 3281 Hou
873 3224 1025 3303 praestat,
1047 3215 1171 3303 regine,
1192 3214 1262 3302 tibi,
1285 3236 1424 3304 quorum
1448 3237 1513 3281 une
1535 3223 1677 3304 potestus
1688 3217 1711 3282 ¹.

685 3344 743 3391 ‚aa
863 3321 954 3414 Ergo
975 3323 1145 3414 repentino
1167 3345 1251 3414 quae
1273 3321 1360 3391 fudit
1382 3345 1489 3414 panea
1512 3322 1628 3412 calore,

778 3430 947 3522 Aeeipiaa3
968 3432 1073 3523 patria
1093 3431 1176 3500 been
1199 3455 1296 3501 nurea
1319 3433 1487 3523 socerique
1508 3439 1688 3521 renarrant,

776 3539 973 3628 Magnorum
994 3563 1119 3628 regum,
1142 3540 1223 3606 dum
1245 3550 1410 3609 extremae
1433 3541 1565 3609 foedera
1587 3540 1704 3608 taedae

778 3644 956 3713 Thesauria
978 3647 1091 3736 cupidi
1113 3669 1218 3735 nuper
1239 3646 1441 3714 meditantur
1462 3648 1591 3736 apertia

779 3750 873 3831 Quae
895 3754 1051 3819 austriaci
1074 3775 1234 3840 proceres,
1255 3774 1405 3841 proeerea
1426 3775 1510 3843 quae
1533 3753 1653 3820 deinde
1674 3751 1797 3842 poloni

685 3879 743 3922 ao.
775 3856 1001 3924 Praestiterint
1010 3863 1032 3945 ¹,
1054 3857 1141 3946 leeti,
1164 3881 1249 3947 quae
1269 3860 1430 3947 praestitit
1452 3859 1532 3926 ordo
1554 3867 1697 3946 senatus,

773 3960 1008 4029 Sauromatum
1031 3986 1114 4052 quae
1139 3965 1202 4052 ipai
1224 3986 1326 4052 reges,
1349 3987 1433 4053 quae
1454 3966 1546 4053 regia
1568 3965 1701 4051 noniux,

778 4066 910 4135 Gaudia
931 4092 1017 4159 quae
1038 4069 1152 4160 populi
1173 4093 1306 4160 sparsae
1327 4081 1360 4138 et
1383 4072 1498 4139 solatia
1518 4071 1637 4161 plebiae

777 4174 871 4241 Haeo
892 4175 953 4242 tibi
974 4199 1034 4274 pro
1057 4178 1184 4265 turmis,
1206 4201 1264 4265 pro
1286 4179 1394 4266 longia
1416 4177 1472 4244 ille
1491 4178 1641 4264 ceteruia,

778 4280 871 4346 Haee
893 4281 952 4348 tibi
975 4306 1035 4371 pro
1058 4294 1201 4371 argento,
1222 4306 1282 4372 pro
1305 4285 1443 4372 gemmis
1465 4284 1565 4351 mittit
1587 4292 1619 4350 et
1641 4305 1738 4350 auro.

690 4410 744 4456 au.
774 4386 869 4454 Illiua
891 4388 953 4457 hae
976 4412 1135 4480 gemmae,
1157 4402 1329 4479 argentum
1350 4391 1421 4480 hou,
1442 4390 1506 4459 hoe
1528 4390 1618 4458 illiue
1640 4413 1785 4478 aurum,

777 4495 851 4562 Hae
872 4505 1008 4586 turmae,
1030 4498 1093 4564 hae
1118 4499 1222 4564 nitido
1244 4499 1393 4566 florentes
1416 4521 1491 4566 aere
1514 4509 1672 4566 eatervae

779 4744 789 4776 ¹
808 4747 871 4801 sel.
890 4755 933 4801 eat
950 4748 999 4801 1111.

779 4832 791 4865 ¹
808 4838 935 4890 Fortuna
954 4839 1182 4906 „praertiteruut“
1201 4841 1311 4910 arripuit
1328 4842 1386 4910 ipre
1403 4844 1434 4897 R.
