4109 5767
885 802 1043 839 rrsrrsrso.
1443 787 1532 837 XLIX

1167 886 1172 891 -
1186 885 1300 892 .--..-...-
1306 881 1530 892 ..ι-...μ-κ--ιι-ιι

389 997 622 1063 obtrectantem
655 996 814 1061 acerrime
844 994 1017 1079 invehitur,
1049 994 1214 1080 egregiam
1245 994 1316 1059 eius
1347 993 1469 1059 famam
1497 996 1532 1061 in

389 1101 580 1166 memoriam
603 1122 762 1167 revocans
786 1101 893 1185 gentis
917 1098 1052 1185 polonae
1071 1100 1213 1163 amicum
1229 1120 1304 1165 eum
1320 1098 1401 1165 dicit
1416 1098 1534 1166 adicit-

388 1227 452 1292 que
475 1206 673 1292 superiorem
698 1228 772 1270 eum
788 1227 868 1287 esse,
891 1226 989 1291 quam
1006 1205 1058 1269 cui
1076 1202 1260 1270 cuiumniae
1276 1226 1393 1271 nocere
1408 1206 1534 1291 possint

389 1311 538 1395 (Prieesii
569 1310 734 1377 Silvarum
768 1308 822 1376 lib.
846 1310 940 1395 VIII,
971 1310 1065 1377 Orac.
1093 1311 1198 1394 1568).
1236 1308 1312 1376 Atio
1342 1310 1414 1378 loco
1445 1311 1532 1379 idern

388 1416 554 1483 'I'ricesius
578 1415 723 1483 studium
746 1427 843 1504 utque
866 1438 1009 1483 amorem
1034 1440 1129 1481 suum
1153 1417 1183 1483 ei
1207 1418 1376 1505 profitetur
1390 1418 1441 1483 his
1458 1441 1534 1485 ver·

389 1522 441 1588 bie
464 1523 588 1611 (Epigr.
612 1522 666 1589 lib.
690 1524 734 1609 II,
757 1524 850 1593 Orac.
876 1525 987 1607 leem:

604 1653 653 1702 Vir
671 1652 818 1703 clarissimo
838 1658 865 1702 ut
883 1652 1058 1718 nmiocunquo
1078 1653 1172 1717 asinino,

605 1744 740 1793 biusurum
758 1741 840 1795 decus
859 1741 1064 1809 elegantiarum:

608 1832 664 1884 iioo
682 1847 743 1883 eum
763 1839 880 1898 tompore
899 1849 978 1898 saepo
997 1833 1152 1899 cogitarem,

607 1920 750 1973 Denundns
768 1921 818 1973 tibi
837 1921 882 1989 qui
902 1921 1008 1973 libellus
1027 1930 1106 1985 esset,

606 2011 663 2061 Non
683 2010 753 2062 aiter
770 2010 836 2061 mihi
856 2010 928 2061 risus
947 2011 1017 2061 iuter
1036 2027 1136 2073 omues,

605 2099 656 2162 Qui
676 2105 702 2149 te
720 2098 826 2165 dignior
844 2105 914 2150 esset
933 2106 1013 2164 atquo
1033 2114 1159 2163 praesens

606 2189 683 2239 Vatis
702 2186 816 2239 Maeonii
836 2203 941 2239 sucrum
961 2203 1063 2255 peomn,

605 2279 655 2341 Qui
677 2284 768 2329 sutrim
787 2284 863 2343 putor
882 2285 961 2343 utque
982 2280 1041 2328 imm
1059 2278 1184 2344 perennis

606 2370 703 2433 Magno
721 2367 820 2419 dieitur
837 2368 954 2419 omniurn
974 2368 1080 2418 iuvere:

605 2456 760 2523 Itxempium
781 2456 838 2519 tibi,
858 2456 926 2523 quod
945 2457 1073 2523 sequeris.
1093 2463 1123 2506 ut
1141 2458 1185 2521 sit,

604 2544 716 2609 Qunnrio
735 2546 895 2597 sarmaticus
914 2553 1026 2597 eruenta
1044 2547 1133 2611 gentis

603 2634 701 2700 Magno
721 2640 827 2699 pectere
846 2634 917 2684 bella
934 2633 1083 2696 coronabis,

605 2723 640 2771 Et
657 2722 820 2773 deformibus
839 2738 916 2771 erues
935 2722 1052 2772 tenebris

606 2810 706 2860 Nomen
727 2810 888 2861 Luohiacmu
907 2810 1041 2875 ducesque
1060 2811 1167 2875 primos.

606 2900 675 2964 Ergo
694 2902 781 2950 fronte
801 2898 879 2949 bituri
899 2914 965 2964 on-pe
986 2898 1057 2950 imae
1076 2898 1206 2965 libellum,

607 2988 642 3037 iit
660 2988 696 3037 rit
714 2988 825 3039 'I'ricosii
846 2987 884 3038 tui
904 2986 1010 3051 soduiis,

606 3077 657 3141 Qui
678 3084 703 3127 tu
721 3078 759 3128 uie
780 3085 861 3141 nsunt,
881 3084 911 3129 ut
929 3094 989 3128 sum
1008 3079 1116 3142 ocoiios,

606 3168 721 3234 'l'empus
739 3184 928 3233 mnemosynon
948 3166 998 3219 tibi
1017 3184 1064 3233 per
1081 3182 1172 3219 omne:

606 3256 658 3307 eeu
677 3262 706 3306 tu
725 3256 888 3321 hyperborea
907 3257 957 3307 sub
977 3270 1027 3307 axo
1047 3257 1130 3321 rives,

607 3344 658 3395 Suu
677 3344 743 3395 flues
762 3344 842 3411 patrii
861 3344 932 3396 eules
952 3345 1031 3395 lberi.

607 3432 650 3484 Sic
671 3448 765 3484 venam
787 3433 836 3484 tibi
855 3434 1003 3485 carminum
1023 3450 1167 3500 perennem

608 3523 679 3572 Dent
696 3520 819 3572 Phoebus
837 3528 915 3587 puter
933 3528 960 3574 et
977 3538 1073 3573 novom
1092 3538 1202 3588 sorores,

607 3610 651 3661 Sic
670 3609 786 3661 irluudrm
805 3610 927 3663 (titurium
949 3613 1089 3680 Verumque
1107 3614 1171 3664 divis

608 3703 733 3769 Aspiront
753 3702 800 3753 tibi
820 3703 932 3768 gratius,
951 3702 1054 3770 inpares

608 3794 813 3861 immortaleque
832 3792 981 3860 largiuntur
1000 3810 1105 3858 aevum,

607 3883 656 3934 Vir
674 3883 822 3935 clarissime
841 3889 868 3934 et
887 3883 1062 3949 undecunque
1081 3884 1174 3935 amice.

394 3988 564 4055 Laudibus
586 3989 770 4075 praecipuis
793 3989 886 4054 effert
908 4011 982 4053 enm
1006 3991 1104 4053 etiam
1124 3988 1279 4055 Nieoleus
1295 3990 1407 4078 Reyus
1422 3990 1537 4075 singu·

394 4092 456 4158 lari
480 4093 624 4159 carmine
646 4092 688 4157 de
710 4114 748 4157 eo
772 4093 948 4179 composito
979 4094 1214 4182 (Zwierzyuiee
1239 4092 1290 4159 ed.
1313 4092 1535 4159 Bruebnalski

394 4223 447 4289 pg.
472 4201 561 4284 lem:
591 4196 685 4263 illum
708 4197 795 4264 limis
818 4199 949 4286 quidem
973 4223 1044 4266 esse
1066 4200 1179 4287 oeulis,
1210 4200 1267 4267 sed
1298 4211 1405 4267 mente
1435 4211 1534 4288 recta,

394 4305 577 4395 multosque
599 4329 641 4373 ex
663 4306 761 4373 Italia
783 4307 1023 4396 Germaniaque
1046 4308 1191 4375 advenas
1214 4308 1249 4373 in
1272 4307 1407 4374 Polonia
1430 4310 1535 4375 virtu-

395 4416 482 4481 tibus
505 4436 659 4503 superare
680 4422 712 4479 et
735 4413 835 4480 veluti
857 4425 968 4479 netum
985 4415 1143 4481 Peionum
1159 4415 1194 4480 id
1209 4414 1413 4504 potissimum
1429 4438 1537 4504 egere,

395 4533 433 4591 ut
454 4521 568 4590 Poloni
590 4523 739 4588 omnibus
762 4521 856 4588 bonis
880 4522 1005 4589 entibus
1033 4534 1240 4590 exornentur.
1278 4522 1391 4611 Neque
1413 4521 1536 4611 dubito,

395 4632 474 4720 quin
497 4627 600 4695 muita
623 4628 688 4695 alia
703 4628 886 4718 aequalium
903 4632 1147 4720 amicorumque
1163 4630 1340 4697 honorifica
1355 4631 1397 4696 de
1411 4630 1536 4720 Royzio

396 4738 579 4805 testimonia
600 4737 636 4801 in
659 4735 766 4802 lucem
788 4737 892 4825 promi
916 4739 1048 4825 possint,
1071 4740 1131 4805 vix
1150 4747 1259 4803 tamen
1274 4736 1446 4825 qnisquam
1461 4758 1537 4823 pro-

396 4844 506 4912 tulerit
528 4840 699 4931 ampliora,
722 4866 818 4932 quam
842 4866 925 4931 quae
948 4857 980 4912 et
1003 4844 1104 4912 latina
1128 4857 1160 4912 et
1182 4843 1300 4935 polone
1323 4841 1435 4931 lingue
1458 4866 1537 4911 con·

499 4958 612 4999 osmunt.
629 4960 656 4999 Τ.
672 4958 692 4999 1.
1394 4952 1430 5002 IV
