4109 5767
541 753 586 819 ⁴22
1022 765 1207 840 eursu-sorau

542 839 773 850 -ο--ο-υ
789 837 965 846 ...υ-...ω-
987 837 1011 843 .-
1551 836 1557 842 .
1579 833 1684 844 ..ι-..-

1361 837 1368 844 n
1390 837 1402 844 .-
1433 837 1498 846 ...u-u
1530 837 1550 842 --

1040 847 1191 855 ...ι---
1265 847 1282 855 -α
1311 847 1413 856 -m
1448 847 1683 856 ..-.———--—-

647 963 796 1049 Nomine,
818 959 1019 1030 Snnromhtis
1043 960 1126 1026 alins
1150 961 1216 1025 ianr
1239 966 1353 1049 pertire
1376 957 1534 1044 Achillen

647 1069 801 1138 Audaces
824 1071 954 1152 intrate3
977 1069 1041 1136 viri
1064 1090 1106 1136 ne
1129 1068 1324 1134 horrescite'
1350 1065 1471 1154 vultus,

589 1200 616 1245 e.
646 1177 730 1244 Nam
754 1177 831 1245 licet
854 1198 945 1242 arma
968 1175 1086 1243 fremat
1109 1187 1275 1264 totumque
1298 1185 1459 1241 exterrent
1481 1175 1592 1242 orbem

647 1285 800 1354 Consiliis
821 1284 916 1352 heros
939 1293 972 1350 et
993 1283 1175 1372 grandibus
1198 1282 1331 1350 inclitus
1354 1284 1453 1369 ausis,

649 1393 820 1459 Musarum
841 1402 951 1458 tamen
973 1402 1023 1456 est
1046 1401 1078 1456 et
1100 1389 1256 1479 pulchrae
1280 1391 1370 1478 pacis
1393 1391 1532 1457 amiens:

649 1499 787 1564 Martem
809 1496 897 1564 idem
920 1496 1030 1562 studia
1051 1507 1084 1562 et
1107 1498 1194 1562 mitis
1218 1495 1296 1562 colit
1318 1497 1389 1584 ipse
1412 1497 1588 1562 Minervae.

739 1602 805 1670 Sed
827 1625 870 1669 ne
892 1593 1097 1690 importunae
1119 1602 1259 1668 venistis
1282 1603 1375 1688 forte,
1397 1611 1523 1668 cavete:

569 1731 619 1775 10.
649 1709 726 1776 Otia
747 1732 822 1776 rara
843 1710 925 1796 viro,
948 1731 1000 1776 res
1022 1708 1117 1775 illum
1140 1708 1273 1797 publicu
1294 1707 1360 1774 late

649 1816 794 1883 Distinet
816 1827 913 1905 atque
936 1815 1054 1882 animis
1077 1825 1163 1882 totus
1186 1839 1282 1904 quem
1307 1816 1450 1903 concipit
1472 1814 1568 1881 orbis.

648 1922 747 1989 Totos
769 1921 826 1991 ille
848 1923 919 1989 dies
942 1924 1103 1990 merentia
1127 1924 1248 2012 cogitet
1271 1945 1362 1988 erma

650 2032 696 2098 Et
718 2033 892 2098 commissa
915 2030 985 2098 sero
1008 2031 1185 2098 meditatur
1206 2031 1329 2122 proelis
1352 2032 1456 2100 Marte

649 2142 853 2228 Aetatesqne
875 2140 962 2206 scies
985 2151 1018 2205 et
1041 2139 1107 2206 tela
1130 2141 1279 2206 sonantis
1301 2139 1379 2208 late:

570 2269 619 2314 rs.
650 2246 753 2334 Quid,
776 2246 952 2315 Sismnnde
972 2257 1075 2336 pater,
1096 2245 1247 2337 placidae
1269 2270 1328 2314 rex
1349 2249 1442 2336 pacis
1464 2257 1598 2335 amator,

651 2355 712 2421 Tot
734 2354 895 2423 bellorum
917 2354 997 2421 olim
1018 2364 1133 2441 rector,
1155 2365 1203 2421 tot
1225 2356 1388 2423 victorin
1411 2356 1520 2443 armis,

651 2464 808 2531 Extrema
830 2463 962 2531 tandem
986 2458 1066 2530 felix
1090 2464 1245 2532 meditere
1268 2474 1407 2552 senecta,

633 2554 767 2660 'Tuque
789 2575 947 2661 Auguste,
969 2573 1072 2661 patris
1096 2573 1252 2660 regnique
1273 2583 1306 2639 et
1329 2573 1470 2639 nominis
1491 2571 1594 2659 lieres,

652 2679 785 2761 Quanta
807 2681 925 2747 animis
948 2681 1014 2745 iam
1038 2681 1203 2769 concipias
1226 2679 1324 2747 helle:
1349 2680 1481 2746 horrida
1503 2679 1598 2768 bella,

568 2809 618 2852 so.
649 2787 769 2852 Hostili
792 2809 924 2875 campos
947 2787 1109 2853 undantes
1132 2788 1292 2874 sangnine
1315 2788 1454 2854 cernit:¹

651 2889 739 2970 Quid
762 2890 844 2956 felix
866 2897 1001 2957 caesar⁸
1023 2891 1217 2958 victricibus
1240 2890 1360 2958 audeet
1381 2893 1482 2957 armis

651 2995 779 3081 Cogitet
801 3006 1020 3084 augustasque
1043 2996 1169 3083 squilas
1193 2996 1313 3084 quibus
1336 2996 1456 3062 addere
1470 2997 1607 3084 sceptris
1618 3002 1640 3082 ⁴,

543 3201 749 3212 *ιι-«-

542 3331 596 3383 que
614 3316 709 3368 studiis
727 3316 782 3369 late
803 3332 850 3382 per
868 3317 1003 3383 Europam
1022 3315 1159 3381 inclaruit,
1177 3315 1217 3366 ita
1235 3323 1265 3366 ut
1283 3332 1315 3367 eo
1334 3323 1452 3382 ternpore
1469 3314 1561 3366 Poloni
1574 3330 1627 3366 non
1640 3314 1687 3367 ha·

543 3405 648 3473 herent,
660 3422 739 3473 quem
752 3407 983 3475 praestantissimo
993 3406 1050 3458 viro
1061 3413 1261 3474 anteponerent.
1281 3405 1357 3459 uidet
1367 3405 1518 3460 catholicae
1530 3405 1601 3458 inter
1613 3405 1687 3458 illiue

546 3499 607 3551 aeri
630 3499 722 3551 turbes
746 3498 860 3553 fideliter
884 3497 998 3566 deditus,
1023 3499 1114 3568 regiae
1139 3499 1281 3568 potestatis
1305 3499 1446 3570 legumque
1465 3497 1600 3564 columen,
1620 3496 1688 3550 obiit

545 3591 742 3660 septuagesimo
761 3591 840 3644 tertie
859 3590 931 3643 vites
950 3607 1021 3642 anno
1042 3589 1109 3644 1561
1129 3592 1302 3659 sepultusque
1315 3598 1356 3646 sst
1368 3588 1520 3643 'Parnoviee
1532 3589 1560 3641 in
1573 3587 1689 3642 eeclesia

545 3681 703 3746 cathedrali,
722 3682 768 3734 uhi
787 3683 960 3735 nuncetiam
979 3689 1068 3734 exstet
1087 3683 1259 3750 magnificum
1277 3682 1335 3734 eins
1352 3689 1561 3734 monumentum.
1585 3679 1689 3732 Uxores

545 3770 623 3822 duxit
640 3771 716 3836 dnss,
735 3772 849 3823 alteram
868 3772 1025 3837 Barbarum,
1044 3773 1150 3824 Nicolai
1169 3770 1328 3839 receperit,
1346 3771 1460 3837 paletini
1476 3755 1583 3822 rutheni
1596 3769 1689 3835 liliam,

544 3877 615 3928 queo
634 3861 705 3913 edite
723 3862 824 3914 Ioanne
848 3861 903 3912 tilio
927 3861 1043 3914 decessit
1061 3878 1086 3912 a.
1107 3859 1185 3927 1527,
1211 3855 1325 3914 alterain
1344 3859 1478 3927 Sophiam,
1504 3859 1690 3927 christophori

545 3951 750 4017 Saydlowieehi,
762 3950 905 4003 castellani
918 3967 998 4016 crac,
1011 3952 1095 4004 tiliam
1108 3950 1182 4018 (sote
1195 3967 1219 4003 u.
1231 3949 1320 4019 1532),
1336 3966 1404 4018 quae
1417 3951 1507 4018 genite
1521 3950 1575 4002 filio
1590 3951 1689 4002 Ioanne

547 4041 736 4108 Christoplsere
754 4049 782 4093 et
801 4042 858 4092 tilia
876 4041 976 4108 Sophia
993 4042 1046 4093 chi.
1067 4059 1090 4094 ιι.
1111 4041 1189 4094 totle.

655 4129 663 4160 ¹
682 4132 760 4182 Corn.
779 4131 889 4184 exhibet
908 4132 1130 4197 „exhorrendum

654 4217 664 4248 ¹
682 4221 759 4273 llaec
777 4221 858 4287 paule
876 4227 939 4272 ente
958 4236 982 4272 a
997 4219 1068 4273 1548
1086 4222 1187 4287 scripta
1205 4228 1275 4273 sunt.
1289 4221 1364 4272 Ocni.
1376 4221 1455 4286 νοις.
1467 4221 1531 4271 Aen.
1543 4217 1637 4284 V1,86
1649 4233 1688 4286 sq.

654 4305 794 4360 ‘Osrolus
812 4311 837 4360 V
855 4307 1063 4376 (1619-1656),
1088 4310 1134 4375 qui
1160 4309 1230 4367 inter
1249 4323 1348 4360 ennnm
1367 4307 1437 4361 1536
1462 4316 1489 4359 at
1510 4306 1579 4361 15⁶0
1597 4307 1688 4359 multia

544 4394 623 4448 hellis
642 4413 768 4464 prospere
787 4398 941 4465 compositis
959 4399 1055 4449 meritc
1075 4399 1140 4449 felir
1158 4397 1213 4450 diei
1232 4398 1326 4464 potuit.

651 4485 731 4539 ⁴t1s.
758 4487 902 4555 „cogitant
933 4487 1057 4539 Ceterum
1083 4488 1167 4540 verba
1191 4489 1258 4539 haec
1284 4495 1396 4554 tangere
1420 4486 1545 4537 videntur
1570 4483 1689 4538 extrema

544 4590 569 4628 a.
590 4573 661 4630 1540
680 4583 808 4645 tompore,
826 4577 923 4644 ‹prihus
943 4577 1013 4628 inter
1033 4576 1241 4640 h'erdlnundusn⁸
1261 4576 1350 4628 Caroli
1370 4577 1489 4640 tratrem,
1509 4577 1688 4628 Romanorum

541 4680 634 4736 regem
658 4675 686 4718 ot
709 4668 780 4719 inter
806 4668 938 4719 infantem
962 4669 1090 4720 loannem
1115 4667 1314 4735 sigismundum
1336 4665 1469 4733 Zapolya,
1494 4665 1689 4734 Sigismuridil

543 4757 704 4809 Polonorum
722 4757 793 4824 regis
812 4765 944 4824 nepotem,
965 4773 983 4809 a
1000 4757 1136 4810 solimano
1150 4759 1176 4808 11
1195 4757 1324 4822 edietum,
1343 4757 1377 4808 lis
1389 4756 1422 4808 de
1433 4755 1598 4822 possessione
1612 4755 1689 4824 regni

544 4846 704 4914 Hnngariae
726 4852 819 4897 exorta
838 4853 887 4897 est.
