4109 5767
1177 682 1256 729 mss
1274 682 1363 730 scrin

1236 762 1528 771 -ι--ψ--α-

1244 775 1257 781 -
1266 774 1304 781 .—
1315 775 1355 781 -.-
1364 774 1527 783 ...ι-...ὓ-

809 883 962 974 ,Missa“,
984 886 1100 975 inquit,
1125 887 1271 976 ,superis
1293 896 1342 953 est
1363 886 1469 953 hostia
1491 886 1637 955 sedibusr
1658 889 1737 955 itel“

807 992 992 1061 Discedunt
1014 1016 1093 1083 ergo
1115 1016 1217 1083 reges,
1239 1016 1418 1083 regumque
1440 1004 1607 1083 potentum

807 1099 927 1168 Secum
948 1113 1091 1169 oratores
1114 1112 1253 1189 augusta
1275 1101 1318 1167 ad
1338 1102 1476 1190 prandia
1499 1102 1634 1191 ducunt,

704 1232 772 1275 rso.
804 1207 898 1290 Quae
920 1209 1030 1277 nullae
1053 1210 1197 1297 choreae,
1220 1232 1303 1298 quae
1327 1210 1418 1276 nulla
1440 1221 1551 1277 secuta
1574 1210 1731 1300 voluptas.

806 1318 881 1385 Non
903 1318 961 1384 ille
983 1340 1153 1385 accessum
1176 1318 1283 1386 fulera
1305 1319 1348 1384 ad
1371 1320 1513 1407 genialia
1536 1330 1639 1387 nocte.

807 1425 953 1514 Reginae
975 1426 1037 1493 hoc
1059 1428 1167 1493 visum
1191 1427 1377 1514 concedere,
1400 1438 1530 1517 pectore
1553 1450 1709 1517 magnum

806 1533 897 1599 Dum
920 1534 1137 1621 Regnatorem
1159 1535 1222 1599 sert
1245 1536 1473 1622 omnipotentis
1495 1534 1639 1624 Olympi,

807 1636 959 1705 Ocrnua¹
982 1661 1079 1727 quem
1102 1642 1204 1706 sacris
1227 1663 1332 1729 nuper
1353 1653 1562 1729 praeceperat
1584 1642 1658 1707 aris.

706 1768 773 1813 rra.
891 1748 1025 1815 Postera
1048 1770 1124 1814 cum
1148 1747 1255 1815 lucem
1279 1748 1425 1815 revoluto
1447 1749 1570 1816 rettulit
1593 1771 1655 1815 axe

807 1856 889 1925 Orto
910 1856 981 1923 dies
1003 1856 1169 1946 radiisque
1191 1858 1331 1924 retexuit
1354 1880 1452 1925 taurea
1475 1868 1587 1946 terras,

808 1964 848 2031 In
870 1986 969 2052 quarn
992 1966 1130 2031 reiectae
1153 1986 1284 2031 mensae
1306 1965 1507 2051 thalamique
1528 1966 1662 2053 iugales,

809 2072 911 2139 Sacra
933 2071 990 2137 ubi
1012 2071 1163 2137 confecta
1184 2073 1218 2136 in
1241 2072 1370 2159 templis
1393 2071 1543 2160 divisque
1565 2073 1702 2158 litatum,

807 2176 993 2245 Discedunt
1014 2176 1135 2267 templo
1157 2200 1250 2265 reges
1273 2200 1448 2266 secumque
1470 2189 1636 2267 potentum

708 2308 775 2353 rao.
805 2286 933 2375 Regum
955 2295 1098 2352 oratores
1121 2308 1272 2375 suprema
1294 2285 1337 2351 ad
1360 2284 1498 2374 prandia
1520 2286 1654 2353 ducunt.

809 2394 969 2461 Interiora
990 2403 1105 2483 petunt
1128 2393 1216 2460 aulai
1238 2402 1323 2461 tacta
1346 2392 1513 2483 superbae,

808 2503 880 2567 Mos
904 2502 961 2568 ubi
984 2502 1157 2569 sollemnes
1180 2502 1328 2569 convivis
1352 2514 1494 2569 sternere
1516 2525 1655 2589 mensas,

809 2610 853 2675 Et
874 2632 967 2696 reges
989 2608 1085 2697 epulo
1107 2610 1258 2698 excipere
1281 2618 1313 2674 ct
1335 2609 1414 2675 dare
1435 2610 1574 2698 prandia
1595 2608 1688 2675 laeta

809 2715 925 2805 Regali
947 2738 1062 2783 mensa
1084 2726 1198 2782 contra
1221 2727 1284 2781 stat
1307 2715 1479 2805 splendida
1501 2715 1593 2802 luxu,

708 2845 776 2887 res.
806 2820 931 2887 Ordine
953 2832 1041 2887 stant
1061 2820 1200 2908 pulchro
1223 2833 1389 2909 composta
1412 2822 1527 2887 sedilia
1549 2823 1674 2887 circum

810 2928 950 2994 Sarrano
971 2938 1059 2993 tecta
1080 2934 1191 2993 ostro*
1213 2926 1458 3015 barbaricisque
1480 2929 1610 3015 tapetis3

810 3034 945 3100 Aulacia
969 3033 1072 3121 fulget
1095 3034 1211 3100 domus
1235 3034 1378 3121 undique
1399 3033 1488 3099 culta
1511 3034 1667 3121 superbis,

811 3142 897 3207 Aere
920 3153 1091 3229 protensus
1114 3141 1221 3206 medio
1243 3140 1367 3229 regalia
1390 3163 1489 3229 supra

810 3248 983 3340 Dependet
1004 3272 1133 3338 pannus
1157 3248 1246 3337 solia,
1269 3259 1356 3315 ostro
1378 3250 1485 3340 pictus
1508 3260 1539 3316 et
1562 3272 1650 3315 auro.

709 3382 776 3429 rra.
806 3360 985 3447 Postquam
1007 3358 1206 3427 discubitum
1230 3370 1287 3447 est,
1310 3371 1464 3449 supposta
1485 3359 1580 3427 lance
1600 3358 1802 3447 profundunt

810 3472 921 3537 Aurea
943 3474 1054 3558 rosal,
1077 3492 1194 3535 manas
1217 3492 1300 3560 quac
1323 3479 1479 3559 spargunt
1501 3468 1663 3536 molliter⁴
1686 3468 1783 3557 unda,

811 3578 919 3661 Quem
942 3580 1084 3668 primum
1107 3601 1217 3645 coram
1241 3580 1348 3667 prisco
1371 3577 1412 3645 de
1436 3600 1524 3644 more
1546 3578 1686 3643 ministri

811 3686 981 3774 Libavere,
1003 3686 1104 3776 dapes
1128 3698 1163 3752 ut
1186 3710 1255 3753 nuos
1278 3688 1467 3774 contingere
1490 3709 1634 3752 suarmas

811 3796 962 3861 Immisso
984 3796 1079 3884 panis
1103 3796 1206 3860 frusto
1230 3795 1393 3882 labrisque
1416 3795 1576 3882 supremis

711 3924 777 3969 aas.
806 3904 992 3990 Degustare
1013 3901 1131 3990 palam,
1154 3924 1215 3968 noc
1238 3902 1354 3988 pocula
1378 3905 1535 3989 porgerci
1556 3900 1689 3989 dextris,

814 4159 891 4214 'Ma
911 4158 1054 4226 „cornus“.
1085 4160 1176 4226 Neque
1203 4165 1292 4212 umen
1316 4160 1405 4226 ipsum
1430 4158 1565 4224 „ceraus“
1592 4157 1720 4224 gravitati
1746 4158 1784 4209 rei
1809 4173 1845 4207 rs-

704 4247 832 4317 spondet,
857 4250 971 4299 loturae
994 4247 1141 4316 „rupplss‘·
1164 4256 1223 4300 erat
1241 4249 1422 4313 scribendum,
1440 4247 1509 4313 quod
1529 4263 1593 4299 roos
1612 4247 1709 4315 polona
1730 4246 1844 4311 ,ξοην

702 4337 884 4405 superscripta
902 4338 1066 4404 supliestum
1084 4338 1112 4388 ia
1132 4339 1267 4404 „aornus“
1287 4345 1420 4390 mutatum
1440 4344 1488 4389 est.

814 4425 893 4480 'lla
913 4430 1022 4490 „snro“.

813 4513 824 4546 ¹
841 4517 974 4569 Inusitate
992 4533 1094 4584 „sures
1112 4533 1177 4570 vass
1196 4517 1373 4585 profundere*
1393 4534 1440 4585 pro
1460 4532 1575 4583 „aquam
1594 4515 1683 4568 aureis
1700 4514 1774 4567 rasis
1790 4530 1844 4581 pro·

705 4606 845 4660 tunderes

813 4694 825 4727 ⁴
843 4698 893 4751 lis.
912 4698 1077 4765 „mollitnr“.

813 4782 893 4842 ‘ue
912 4787 1094 4856 „porrigere”
