4109 5767
610 792 654 872 62
1078 816 1155 864 ΙιιΙιιι
1175 812 1451 905 ”mm
1615 882 1751 903 mm„-

670 897 774 915 Ξ..-
726 910 731 915 .
779 896 821 905 ..-
830 891 993 905 “nnm—
1004 899 1068 905 -—---
1538 910 1546 915 .
1570 906 1750 917 ..u—n—

802 1020 1020 1108 Iagelloneam
1044 1044 1173 1088 rursum
1197 1021 1478 1111 austriacamque¹
1502 1015 1608 1110 iugari

636 1148 682 1194 ιι.
716 1126 855 1195 Gentem
877 1130 1087 1196 famarefert
1109 1140 1141 1197 et
1164 1128 1249 1197 laeto
1271 1130 1406 1196 nuntina
1428 1152 1491 1196 ore.

803 1236 912 1304 lluiua
935 1260 1054 1328 nunqua
1077 1238 1137 1305 tibi
1160 1240 1240 1305 tanti
1265 1248 1329 1305 etat
1351 1238 1456 1328 gloria
1478 1237 1567 1325 friati,

715 1345 795 1411 Dur
817 1345 999 1435 Radivile⁸‚
1022 1346 1187 1436 decusque
1210 1346 1295 1413 feres
1317 1368 1375 1436 per
1398 1345 1528 1413 saecula
1551 1366 1716 1433 magnum.

715 1452 842 1520 Felices
864 1453 923 1519 hon
945 1465 981 1520 tn
1004 1453 1173 1541 thalamos,
1195 1454 1277 1521 haee
1300 1454 1431 1521 foedera
1452 1462 1583 1540 tractre,

715 1557 818 1624 Grata
839 1560 912 1626 Deo
934 1570 967 1626 et
988 1562 1079 1648 genti
1101 1559 1240 1627 multum
1263 1571 1415 1650 exoptata
1436 1558 1581 1648 polonee

633 1688 682 1732 uo.
715 1665 773 1731 Dii
797 1666 931 1753 utinam,
954 1690 1092 1755 qnorum
1115 1690 1180 1734 non
1202 1666 1284 1734 haec
1307 1668 1377 1733 aine
1400 1668 1533 1733 numine
1556 1674 1644 1731 certo

713 1772 848 1859 Moliria,
871 1772 984 1840 facilen
1007 1775 1066 1839 tibi
1090 1774 1201 1841 debita
1222 1774 1367 1862 praemia
1388 1772 1539 1840 reddantl

713 1881 785 1946 Iani
806 1882 873 1947 ium
895 1882 1009 1971 aderit,
1032 1884 1129 1949 certia
1153 1904 1247 1949 saera
1269 1882 1325 1971 qui
1349 1880 1489 1948 conubia
1512 1878 1630 1945 vinclis

712 1988 836 2055 Finnet
858 2000 891 2056 et
912 1989 1078 2057 alternans
1101 1990 1196 2056 nodia
1220 1990 1385 2057 devinciat
1408 1990 1486 2056 artie
1590 2048 1592 2053 .

712 2097 769 2184 Tc,
791 2095 977 2185 catharina,
999 2108 1122 2187 petens,
1144 2121 1210 2187 qua
1232 2121 1336 2187 nuper
1357 2098 1517 2164 Μιιιιιιιιι8
1539 2118 1660 2185 paucos

632 2223 680 2269 aa.
714 2204 817 2269 Lecta
839 2204 909 2270 dien
931 2204 1075 2271 thalamo
1098 2206 1249 2271 exstincti
1272 2204 1429 2271 decedere
1451 2204 1541 2269 flevit

712 2308 839 2376 Maesta
862 2309 957 2376 dueia
980 2311 1188 2400 lacrimisque
1210 2311 1383 2377 abeuntem
1405 2319 1437 2375 et
1459 2331 1540 2376 voce
1558 2316 1670 2375 aeenta
1692 2315 1748 2373 esa

711 2417 759 2483 'l'e
781 2416 873 2482 fandi
895 2440 1027 2505 guarna,
1051 2418 1127 2485 fidei
1151 2420 1304 2485 secretior
1325 2418 1411 2483 altae

712 2524 834 2611 Regino
857 2526 1001 2614 antistes,
1023 2525 1119 2593 docto
1142 2525 1373 2592 Prerembiua‘
1395 2548 1450 2591 ore

712 2631 854 2718 Augusti
878 2632 1033 2698 mandata
1056 2634 1173 2721 ferens,
1195 2634 1310 2699 efferre
1332 2633 1474 2723 paterniu

630 2763 678 2807 ao.
712 2738 871 2806 Groaaum
893 2752 962 2807 oret
985 2742 1079 2808 tectio
1103 2743 1289 2830 sociamque
1311 2742 1467 2809 accedere
1488 2740 1581 2830 regni

711 2849 819 2937 Atque
841 2850 947 2915 omnia
969 2850 1121 2916 comitem
1143 2850 1231 2917 vitan
1253 2850 1455 2939 properantis
1477 2860 1509 2916 et
1532 2849 1614 2936 aevi,

712 2956 758 3021 Ut
780 2978 878 3045 quum
901 2981 992 3046 apem
1014 2968 1109 3047 rupta
1132 2957 1264 3025 Eliacbe
1286 2981 1373 3024 mora
1396 2968 1471 3024 ante
1495 2956 1582 3023 diem
1604 2966 1680 3021 trux

712 3062 863 3152 Abrupit‚
886 3065 953 3131 fato
975 3065 1111 3131 thalami
1134 3064 1266 3132 meliore
1288 3088 1433 3155 reponas.

801 3172 865 3237 luia
886 3195 948 3259 age
970 3195 1085 3261 rumpe
1108 3194 1224 3260 morae,
1246 3174 1422 3260 Prerernbi‚
1444 3174 1578 3238 nuntius
1601 3172 1654 3237 inti

631 3300 680 3343 aa.
714 3277 781 3358 Qui
803 3280 954 3366 Augusto
975 3281 1078 3345 tristia
1101 3281 1185 3368 rapti
1209 3280 1250 3346 de
1272 3281 1387 3347 funere
1408 3283 1510 3369 patris

712 3383 872 3451 Orncovia
894 3386 1049 3451 Litnvnm
1073 3386 1114 3453 ad
1138 3388 1219 3453 fiuea
1242 3397 1274 3453 et
1297 3387 1418 3475 frigida
1440 3390 1573 3475 regnal,

712 3492 793 3558 Feta
815 3492 901 3580 gelu,
926 3534 965 3545 -
991 3516 1081 3562 nunc
1103 3494 1189 3562 laeta
1212 3496 1309 3562 abeas
1332 3496 1409 3563 data
1431 3497 1544 3562 munia
1565 3494 1670 3562 laetus

710 3599 932 3689 Oouubiinque
955 3602 1042 3667 insta
1064 3612 1097 3668 et
1120 3602 1285 3668 Fernandi
1307 3602 1422 3669 limina
1443 3605 1530 3691 regin

710 3706 817 3771 Patria
840 3706 905 3793 adi,
928 3720 1023 3774 natae
1046 3710 1100 3774 cui
1123 3708 1233 3775 vincla
1256 3710 1379 3796 iugalia
1401 3732 1511 3777 curae:

630 3833 677 3877 ιο.
711 3813 859 3901 Utraque
882 3815 1043 3902 coniugiis
1067 3816 1183 3880 iterum
1207 3838 1242 3881 se
1264 3816 1354 3903 regia
1376 3817 1499 3905 iungat.

711 3919 923 3987 Sauromatae
944 3921 1006 3987 hoc
1029 3944 1141 3987 omnes
1164 3932 1276 4011 optent
1298 3923 1501 4013 populusque
1523 3932 1695 4012 patresque

710 4029 761 4093 Ac
783 4051 842 4095 rex
866 4030 990 4117 ingenti
1013 4030 1079 4095 ium
1103 4028 1227 4096 dudum
1252 4053 1409 4097 occeanus
1432 4054 1549 4098 amore.

710 4136 782 4201 Hoc
804 4147 906 4223 pater,
928 4136 991 4203 hoc
1013 4137 1093 4203 velit
1116 4159 1155 4204 ac
1178 4139 1262 4204 votis
1285 4161 1350 4204 non
1373 4138 1496 4205 abnuat
1518 4141 1640 4229 aequis.

710 4278 720 4307 ¹
739 4278 788 4331 Ed.
807 4282 1050 4348 „utrimque“.

708 4366 788 4420 'Eat
805 4368 946 4422 Radlvilna
965 4371 1057 4439 Niger,
1075 4371 1211 4440 palatinus
1230 4373 1373 4427 Vilnenair.
1393 4374 1469 4426 eous.
1488 4372 1627 4441 Gdrnlcki‚
1655 4372 1747 4441 Daieje

601 4474 624 4509 w
644 4458 717 4523 Koa,
734 4457 834 4524 dunch,
854 4457 932 4522 1856,
951 4477 996 4529 με.
1015 4460 1048 4514 41
1069 4479 1126 4529 rqq.

708 4545 719 4576 ⁸
735 4548 885 4602 onenariae
903 4557 962 4602 erat
979 4552 1095 4619 primam
1114 4559 1199 4619 napta
1217 4555 1370 4623 Gonugae,
1389 4553 1451 4607 duel
1471 4554 1609 4608 llanlnae.

707 4636 718 4667 ⁴
736 4640 851 4692 lernau
869 4641 940 4692 enim
964 4640 1159 4709 Pnarembnkq
1184 4644 1422 4697 vicecancellariur
1448 4645 1525 4713 regni
1546 4642 1747 4711 (icco-1559)

598 4743 654 4779 una
671 4744 733 4779 aum
753 4729 874 4781 Radirilo
893 4729 1069 4784 vindobonae
1093 4732 1127 4784 de
1152 4732 1252 4800 nuptlia
1271 4733 1435 4787 Catharinae
1459 4734 1530 4802 regia
1552 4736 1681 4803 regnique
1699 4751 1747 4787 uo·

600 4818 672 4870 ruine
690 4819 909 4886 paciceebantar.

709 4906 815 4965 ‘cent
836 4912 884 4977 ΙΙΙ,
904 4909 947 4978 11,
966 4928 992 4964 r.
1011 4910 1056 4965 58.
