4109 5767
834 653 869 690 ur
887 653 1053 732 uaruruerro
1066 654 1166 731 ’sauro‘
1425 637 1568 734 .-Q

427 729 630 752 m„
649 729 654 734 ,
666 729 669 733 .
680 729 685 732 .
768 727 829 744 -..-
890 727 900 732 -
938 726 957 732 .-
968 726 999 731 -—
1189 726 1233 732 ..--
1241 726 1463 744 '‘'''''‘-’......'-

533 852 677 921 Alterius
700 851 747 918 nil
771 851 881 940 stirpis
904 873 994 940 opus,
1018 848 1075 917 sed
1099 850 1258 936 sanguine
1279 849 1393 941 eodem

532 963 653 1030 Lectus
675 970 736 1048 eat,
758 960 814 1048 qui
836 958 965 1026 laturus
988 967 1116 1048 sceptra
1138 981 1238 1026 aurea
1260 957 1377 1026 dextra
1398 969 1456 1027 est.

422 1092 498 1138 ero.
623 1069 737 1136 Prisca
757 1067 909 1134 biieslail
932 1077 1128 1135 succurrant
1150 1076 1294 1155 tempora
1317 1068 1412 1156 regis,

532 1175 594 1245 Oui
618 1198 739 1265 parvus
761 1175 941 1242 casimirus
963 1182 1033 1240 erat
1056 1196 1146 1262 puer,
1170 1174 1268 1241 unica
1290 1173 1405 1262 proles.

533 1282 639 1362 Quem
662 1281 739 1368 quic
762 1303 826 1345 nou
849 1281 935 1365 grati
958 1302 1094 1346 exosum
1118 1280 1224 1346 secere
1246 1280 1390 1367 parentis

529 1387 641 1470 Facta,
664 1384 776 1449 furens
798 1384 903 1471 patrio
925 1383 1064 1470 populus
1087 1383 1239 1470 spoliavit
1260 1383 1390 1450 honore.

530 1487 678 1555 Turbata
700 1488 819 1556 dehine
842 1487 1004 1555 Sarmatia
1028 1487 1181 1554 civilibus
1203 1489 1312 1573 armis,

488 1652 497 1665 .
530 1596 614 1664 Cum
637 1594 783 1684 patribus
806 1617 870 1660 non
894 1617 994 1680 mens,
1017 1595 1100 1660 ratio
1123 1617 1187 1660 uon
1212 1617 1277 1660 una
1300 1594 1427 1662 fuisset:

531 1703 639 1784 Quis²
661 1725 736 1788 non,
759 1726 787 1788 o,
809 1701 971 1790 precibus,
993 1703 1068 1791 quis
1091 1725 1155 1768 non
1178 1703 1360 1791 repoposcit
1381 1701 1522 1768 eundem

529 1810 653 1875 Effusis
675 1807 815 1898 populus
837 1807 994 1876 lacrimis!
1018 1809 1112 1889 Quae
1134 1818 1262 1897 sceptra
1283 1819 1427 1896 negarat,

530 1917 652 2004 Sponte
675 1916 782 1983 serens
805 1914 1001 2004 tradensque
1024 1937 1092 2000 sue,
1115 1914 1329 2003 procumbere
1353 1915 1492 2003 supplex
1559 1979 1562 1984 .

529 2022 642 2110 Usque
665 2044 726 2088 noc
748 2020 888 2107 erubuit,
911 2019 1124 2108 madidosque
1146 2021 1316 2088 ostendere
1337 2020 1458 2107 vultus,

489 2182 495 2197 .
531 2129 688 2198 Cluniaco
711 2127 790 2195 dum
812 2129 904 2196 triste
928 2129 1021 2194 seui⁸
1044 2127 1245 2218 funebreque
1267 2126 1390 2196 bellum

529 2239 767 2306 Oorruucmorat
791 2237 913 2328 patriae
937 2259 1061 2326 eoaque
1086 2259 1205 2326 argens
1228 2236 1371 2326 undique
1395 2236 1507 2326 satum,

529 2348 575 2413 Et
596 2345 706 2432 regule
728 2369 841 2434 gensis,
864 2345 1071 2432 casimirum,
1094 2345 1231 2414 crimine
1253 2344 1344 2413 nullo

529 2453 713 2542 lepulsum
736 2455 852 2544 repetit
875 2454 993 2542 regnis,
1016 2454 1172 2543 adoperta
1195 2452 1324 2522 cucullo

527 2559 689 2649 Tempora
711 2561 776 2626 iam
801 2571 975 2648 curtesque
998 2584 1108 2628 comus
1131 2560 1283 2628 demere
1306 2559 1463 2626 ferentem

487 2717 495 2732 .
529 2665 674 2752 Illorum,
697 2668 754 2754 qui
776 2666 886 2758 adytis
909 2691 944 2734 se
967 2667 1128 2735 devovere
1151 2669 1306 2754 Deorum,

526 2773 718 2861 Pauperiem
741 2783 773 2840 et
795 2773 894 2840 duros
919 2775 991 2841 aevi
1014 2773 1152 2842 tolerare
1174 2773 1301 2840 labores

528 2879 819 2970 Contemptumque
842 2882 923 2968 nusi,
945 2881 1192 2970 libertatemque
1214 2880 1383 2947 iubentum

528 2985 684 3054 Subicere
706 2987 860 3073 arbitriis,
882 2988 1040 3078 pronique
1062 3011 1230 3077 capessere
1252 2988 1350 3054 iussa.

526 3094 601 3159 Non
624 3094 690 3159 iem
713 3094 764 3160 ias
787 3093 916 3183 prodire
937 3094 1018 3161 locis
1041 3104 1098 3160 aut
1122 3095 1212 3161 urbis
1235 3095 1327 3162 adire

485 3249 493 3265 .
527 3199 716 3268 convensus
739 3210 891 3268 coetusve
912 3200 1090 3287 hominum,
1113 3201 1171 3268 sed
1193 3199 1363 3268 moenibus
1385 3201 1470 3287 unis,

527 3305 624 3385 Quod
648 3317 802 3394 superest,
825 3308 949 3396 agitare
971 3329 1099 3392 aevum,
1121 3307 1244 3394 vilique
1266 3305 1403 3395 grabato

526 3409 689 3478 Pallentes
712 3412 831 3480 durare
854 3423 944 3478 artus
967 3413 1225 3501 moribundaque
1247 3413 1402 3500 membru,

525 3515 648 3582 Dulcia
671 3519 824 3606 coniugia
846 3528 878 3585 et
899 3518 1001 3585 laetos
1024 3519 1150 3586 nescire
1172 3518 1382 3609 hymenaeos:

526 3622 587 3689 Ille
609 3633 701 3712 pater
723 3626 796 3713 nisi,
824 3625 960 3716 Thybri,
982 3635 1076 3693 tuum
1098 3626 1155 3714 qui
1177 3648 1307 3714 praeses
1330 3625 1372 3692 ad
1395 3648 1525 3693 amnem

483 3779 492 3794 .
527 3728 667 3796 Sublimi
688 3731 724 3797 in
748 3731 828 3798 solio
849 3733 935 3800 vasti
958 3733 1049 3800 sedet
1071 3732 1193 3801 arbiter
1215 3731 1313 3818 orbis,

525 3837 591 3904 Det
612 3838 743 3904 veniam
766 3840 880 3926 oranti,
903 3839 1119 3929 precibusque
1142 3839 1364 3907 accommodet
1385 3863 1489 3907 aures.

525 3943 655 4031 Quique
678 3945 786 4012 editus
808 3945 950 4033 tandem,
970 3985 1014 3998 -
1037 3970 1113 4012 nam
1136 3946 1258 4014 frustra
1281 3946 1431 4015 Sarmata
1452 3957 1560 4036 patres

525 4048 699 4116 Cluniucos
722 4051 812 4138 adiit,
835 4091 879 4102 —
902 4051 999 4118 dietis
1022 4075 1088 4118 non
1111 4041 1206 4140 aisper
1228 4053 1342 4119 amicis

524 4155 660 4244 Annuit,
681 4167 714 4225 et
736 4159 840 4247 posito
863 4160 957 4226 iussit
980 4159 1089 4246 regale
1112 4158 1241 4226 cucullo

526 4439 606 4494 ¹Sic.
626 4445 674 4494 rut
692 4444 846 4497 Mieeislaas
866 4446 900 4507 ll,
927 4445 1042 4496 lloloslui
1062 4446 1183 4511 Ultrobry
1201 4445 1280 4509 illius,
1305 4444 1352 4512 qui
1375 4444 1500 4511 regnavit
1522 4444 1558 4496 ab

413 4544 443 4580 a
464 4528 533 4583 1025
552 4547 636 4597 usque
655 4531 689 4582 ad
707 4549 731 4584 a.
753 4531 829 4586 1034.

426 4653 429 4660 «
525 4615 652 4684 ',Quis“
673 4628 714 4672 est
732 4622 876 4674 ablativus.
904 4624 934 4674 ln
954 4623 1016 4674 edit.
1037 4638 1084 4690 pn:
1106 4623 1223 4690 „queis“.

525 4707 611 4760 ”soil
632 4711 725 4761 abbati
745 4712 865 4762 coenobii
885 4712 1010 4764 cluniaci.
