4109 5767
840 699 874 733 na
891 699 1000 734 asuerus
1019 699 1098 735 suuis·
1474 688 1543 754 153

510 893 575 978 lus,
597 913 664 958 non
686 889 773 979 quod
795 889 981 978 quiequam
995 890 1153 958 adiecisse
1174 892 1326 981 Papirius
1347 892 1413 960 illis

506 1000 655 1086 Dicatur,
677 1021 792 1066 vorum
813 997 901 1087 quod
924 1020 1054 1088 sparsas
1077 999 1225 1084 undique
1246 1000 1335 1088 leges

506 1105 644 1192 Collegit
666 1103 778 1170 sellem
800 1103 985 1191 librumque
1005 1102 1133 1192 redegit
1155 1105 1190 1170 in
1214 1128 1359 1172 unum:

509 1211 592 1276 Post.
608 1208 727 1277 deinde
746 1209 874 1276 exactis
896 1231 1031 1274 romana
1053 1208 1186 1296 regibus
1210 1210 1291 1277 urbe
1311 1218 1357 1260 -ὲ
1471 1266 1474 1272 Α

468 1364 476 1380 .
511 1316 652 1382 Tantum
674 1315 844 1402 Tarquinii
866 1314 1039 1401 imperium
1062 1313 1194 1381 crudele
1217 1314 1356 1403 Superbi

510 1421 691 1486 Promeruit
712 1419 981 1508 natique'lurens
1004 1428 1037 1485 et
1059 1432 1159 1486 oaeea
1181 1418 1283 1486 libido
1305 1459 1352 1489 -,

510 1527 636 1614 Regum
650 1525 732 1592 *odio
754 1526 851 1614 leges,
874 1525 965 1592 urbis
988 1547 1146 1614 compage
1168 1526 1283 1614 soluta,

511 1633 638 1699 lixutae
660 1633 860 1721 imperiis'et
882 1633 990 1700 fasoes
1012 1655 1132 1721 ponere
1153 1634 1272 1720 iussae,
1341 1674 1344 1682 ·
1470 1633 1474 1648 '

509 1740 646 1806 Romam
669 1740 877 1826 indignantes
900 1739 1124 1828 Capitolioque
1147 1740 1213 1806 ulta
1235 1741 1431 1830 relinquunt.

425 1881 428 1888 ·
453 1869 479 1911 a.
511 1847 606 1912 Dura
628 1846 832 1914 tribunorum
854 1846 909 1912 lex
933 1856 1027 1932 urget
1049 1856 1082 1912 et
1104 1847 1207 1936 exigit
1230 1847 1319 1914 urbe.

599 1953 729 2019 Inuerto
751 1962 831 2018 tune
853 1953 924 2018 iure
946 1952 1061 2039 magis,
1083 1975 1148 2018 non
1171 1952 1299 2040 legibus
1323 1953 1408 2039 ullis,

512 2059 633 2125 Vivere
655 2057 776 2125 turbati
800 2081 912 2124 rursus
936 2067 1070 2146 eoepere
1092 2059 1245 2146 Quirites,

511 2167 618 2247 (lnam
642 2188 717 2233 eum
740 2166 817 2232 olim
840 2165 939 2232 nullis
962 2166 1124 2251 agitarent
1145 2165 1274 2256 legibus
1296 2189 1424 2253 aevum,

513 2273 632 2363 Sponte
655 2284 712 2341 tua
733 2274 869 2341 arbitria
891 2284 923 2340 et
945 2283 1010 2360 tua,
1033 2272 1179 2360 Romule,
1202 2273 1291 2340 iussa
1315 2275 1426 2342 seeuti.

460 2408 477 2447 ι.
514 2381 639 2469 Viginti
663 2381 725 2448 hoe
748 2405 850 2447 annos
872 2382 977 2470 passis
1001 2403 1108 2470 propo,
1131 2380 1196 2448 tale
1218 2381 1341 2471 perosis

514 2489 654 2557 Vivemli
676 2513 790 2578 genus,
813 2489 972 2578 argolicos
995 2498 1059 2556 etot
1081 2490 1209 2558 mittere
1231 2489 1274 2556 ad
1297 2490 1403 2556 urbes.

513 2597 576 2662 l'er
598 2620 679 2686 quoa
701 2597 885 2683 Graiorum,
909 2619 1046 2686 quorum
1068 2589 1148 2664 tuno
1169 2620 1273 2684 regna
1293 2596 1451 2685 vigebant

513 2702 674 2785 Consiliis,
696 2703 793 2790 longe
815 2704 904 2790 leges
927 2725 1098 2791 moresque
1118 2712 1279 2790 petantur,
1356 2706 1359 2712 “

515 2807 656 2894 legibus
680 2816 715 2874 ut
739 2809 848 2895 graiis,
871 2816 908 2886 ut
930 2809 1030 2895 graiis
1053 2808 1197 2875 moribus
1220 2807 1335 2873 urbem

471 2961 478 2975 .
514 2912 694 2978 Romanum
709 2913 857 2979 'fundent
878 2914 1079 3002 pulchraque
1101 2915 1136 2978 in
1159 2935 1240 3002 paee
1261 2901 1428 3000 reponunt

513 3016 639 3083 Allatas
662 3017 750 3106 leges
773 3041 942 3106 moresque
963 3042 1006 3085 ex
1029 3018 1143 3085 ordine
1165 3027 1257 3084 notos
1409 3086 1412 3090 A

513 3124 674 3191 Persoribi
696 3125 881 3213 tabulisque
903 3119 1015 3192 desem
1038 3142 1215 3213 proponere
1238 3126 1369 3191 visum¹
1414 3199 1417 3204 .

514 3231 578 3296 Pro
600 3231 722 3317 rostris,
744 3231 926 3321 populoque
948 3232 1037 3298 omni
1060 3231 1139 3299 duro
1161 3252 1294 3300 eernere
1315 3221 1435 3319 eoram,

514 3337 674 3426 Cognosui
696 3349 733 3404 ut
755 3339 855 3427 vulgo
877 3340 1082 3428 perdisoique
1103 3340 1213 3406 omnia
1234 3341 1367 3428 possint.

407 3471 411 3484 ¹
471 3494 479 3508 .
516 3443 636 3510 Electis
659 3455 730 3532 post
753 3444 871 3512 deinde
893 3446 974 3510 viris
996 3445 1074 3511 data
1096 3467 1224 3511 summa
1245 3455 1395 3533 potestas,

515 3549 570 3614 lus
595 3572 758 3614 summum
781 3549 837 3615 illo
860 3572 954 3634 anno,
977 3549 1092 3615 allatas
1114 3573 1277 3639 exponere
1299 3549 1400 3636 legem

515 3654 694 3742 Praetereo,
717 3657 744 3720 si
768 3655 846 3744 quid
870 3656 1021 3723 videatur
1044 3655 1154 3722 forsan
1178 3654 1300 3721 inillis

516 3759 694 3826 [lemanum
718 3785 781 3828 non
806 3761 890 3828 ferre
914 3760 1038 3849 urbem,
1060 3785 1151 3827 mora
1174 3761 1273 3848 nullu,
1296 3760 1447 3848 r30figsnt

479 3865 569 3932 Nil
592 3878 746 3954 metuant,
769 3867 834 3934 illis
856 3869 1009 3956 quoniam
1033 3869 1250 3935 statuentibus
1272 3866 1376 3933 ullum

413 3994 481 4038 iis.
518 3973 689 4061 Appellare
712 3974 814 4060 nefas,
835 3975 969 4041 tulerint
992 3995 1216 4061 quaeeunque,
1238 3972 1392 4059 tribunal,

515 4078 722 4169 Quamquam
745 4080 818 4145 aliis
841 4102 1004 4145 summum
1026 4079 1089 4146 hoe
1111 4079 1290 4146 dioendo
1281 4102 1316 4144 in
1345 4080 1418 4145 iure
1448 4101 1549 4166 uaga-

1294 4187 1377 4272 [tum
1399 4195 1457 4252 eat.

408 4279 451 4288 ⁸-—
458 4279 614 4290 ι*-

516 4391 526 4423 ¹
544 4395 576 4445 ln
594 4393 663 4446 libro
682 4392 820 4446 Osrolinae
837 4402 935 4459 quarta
954 4393 1010 4445 folii
1030 4399 1106 4460 parte
1125 4393 1217 4444 excisa
1234 4391 1320 4443 solum
1332 4391 1413 4443 initia
1425 4405 1549 4444 versuum

409 4480 551 4536 loe-108
568 4491 748 4536 uariantur.
773 4484 897 4535 ceterum
915 4498 968 4534 nou
987 4483 1060 4549 ipsas
1085 4497 1118 4534 ex
1140 4481 1257 4534 Graecia
1273 4480 1372 4533 allatu
1396 4479 1478 4548 leges,
1503 4477 1550 4530 aad

406 4587 427 4622 a
444 4570 602 4624 deoamvirir
622 4587 779 4640 gneratum
798 4573 903 4628 ratione
920 4571 1016 4624 habita
1033 4570 1156 4622 sorditas
1175 4570 1267 4622 desem
1285 4570 1386 4622 tabulis
1406 4568 1551 4636 inscriptas

408 4675 468 4713 aare
486 4661 570 4713 refers
586 4661 748 4730 Liviuslll,
767 4659 804 4713 33
821 4676 860 4728 sq.
879 4661 955 4712 eonf.
975 4659 1095 4727 iladvig,
1118 4657 1170 4710 Die
1189 4659 1355 4725 Veriuaung
1373 4673 1400 4709 u.
1419 4659 1505 4709 Verus.
1524 4655 1552 4707 d.

408 4764 431 4801 r.
450 4751 488 4802 St
508 4747 530 4814 l,
548 4745 601 4802 499
620 4761 686 4816 sqq.;
705 4749 740 4814 ll,
759 4746 819 4802 149.
904 4799 906 4804 ,
1312 4775 1316 4787 ·
