4109 5767
728 793 809 829 sarra
828 792 854 828 m
874 792 978 829 rumara
995 793 1056 828 sau.
1075 791 1210 828 uaeaovu.
1477 774 1543 838 123

398 862 729 887 τ’ἑἛ-η--τξῗε
737 876 798 882 ..-...
807 875 1017 883 -......-.--.-
1240 860 1392 869 ”““““““-’““
1416 861 1429 868 “
1527 859 1541 869 “

504 988 613 1056 Siaeat
635 985 744 1053 adhue
766 985 941 1053 lacrimans
965 985 1021 1075 qui
1045 985 1166 1051 amissa
1187 983 1313 1051 lumina
1335 993 1413 1051 nata
1422 986 1444 1071 ¹,

505 1094 599 1175 Quae
625 1115 744 1181 ruaguo
765 1090 922 1181 luetuque
944 1101 1000 1158 tuo
1022 1092 1177 1181 luctuque
1200 1099 1330 1158 tuorum

506 1202 696 1288 Augustum
718 1222 822 1288 nuper
843 1199 994 1266 viduavit
1015 1208 1111 1287 rapta
1132 1196 1254 1279 eubile;

404 1330 473 1374 ase.
510 1307 588 1375 Sive
609 1306 661 1373 bis
685 1306 873 1374 Henrieus¹
895 1306 1054 1395 superatis
1076 1304 1184 1395 liliger
1206 1304 1281 1371 altis

505 1412 671 1502 Alpibus·
692 1423 821 1479 orantes
844 1412 932 1478 misit
954 1422 1012 1478 tua
1034 1435 1136 1501 regna
1157 1412 1315 1495 revisens3

505 1520 574 1584 Aut
595 1528 688 1607 pater
709 1518 765 1585 ille
786 1518 956 1585 hominum
977 1527 1145 1605 terraeque
1168 1539 1320 1605 suprema
1341 1524 1492 1604 potestus,

506 1624 718 1714 Omnipotens
741 1624 834 1691 laxus
857 1625 911 1691 eui
934 1624 1038 1691 Rama
1060 1623 1117 1690 det
1140 1621 1227 1691 orbis
1249 1620 1404 1709 habenas,

507 1732 602 1799 Ferte
624 1731 778 1821 galaratis
800 1730 889 1798 misit
912 1732 953 1799 de
975 1731 1123 1821 patribus
1147 1753 1258 1817 unum,

463 1888 470 1903 .
506 1838 577 1905 Irus
599 1848 742 1905 exaeuat
765 1838 821 1927 qui
845 1837 1011 1925 religionis
1034 1839 1069 1904 in
1092 1836 1227 1924 hostem,

507 1944 551 2009 Et
572 1944 695 2010 farrum
717 1953 873 2031 exposcat
895 1944 1019 2011 vindex
1042 1964 1221 2031 saevasque
1242 1964 1381 2009 maures.

507 2048 601 2129 Quae
623 2070 779 2135 respousa
801 2047 904 2135 iubes,
926 2070 1009 2138 quae
1032 2048 1083 2114 vis
1105 2058 1162 2113 tua
1184 2046 1273 2115 dieta
1295 2054 1467 2133 reportent,

508 2151 693 2220 Addiseeus
716 2175 794 2219 aure
817 2151 948 2219 admota
970 2152 1171 2241 paulumque
1192 2162 1345 2237 meratus,

507 2258 731 2349 Attollensque
754 2258 865 2328 oeulos
887 2269 974 2326 terra
996 2261 1199 2349 frontemque
1221 2258 1382 2344 deeoram,

465 2418 473 2434 .
507 2368 554 2435 Ut
576 2390 636 2433 sua
659 2367 822 2435 facundus
845 2367 976 2437 Samuel
999 2376 1079 2435 tune
1102 2390 1159 2435 eru
1181 2365 1329 2435 resolvit!

508 2474 649 2543 Iuieteus
671 2485 703 2543 et
725 2474 855 2566 placide
877 2476 973 2543 fluxit
995 2476 1037 2543 de
1060 2485 1189 2565 pectore
1211 2497 1326 2543 sermo.

597 2584 685 2667 Quid
701 2608 884 2673 memorem,
906 2595 1048 2677 quantus
1064 2584 1205 2673 Samuel,
1228 2606 1303 2651 eum
1326 2582 1399 2649 iura
1420 2580 1542 2673 petenti

506 2692 679 2761 Reddebas
701 2693 841 2784 popule?
864 2717 979 2763 eaeeus
1001 2694 1157 2761 discussit
1179 2703 1215 2760 ut
1237 2691 1292 2760 ille
1383 2746 1387 2757 ,

507 2800 746 2890 Perplexasque
768 2802 831 2869 feri
854 2825 970 2869 euusaa
993 2812 1025 2870 et
1049 2802 1155 2890 iurgia
1177 2801 1302 2887 dexter,

468 2958 475 2972 .
510 2906 607 2975 Certa
629 2931 690 2975 nee
713 2910 747 2974 in
770 2909 880 2976 dubiis
903 2909 998 2976 latuit
1021 2910 1181 2977 sententia
1203 2907 1318 2975 rebusl

509 3013 636 3104 Cuique
659 3039 755 3081 suum
777 3016 924 3084 tribuens
947 3039 1087 3105 aequum
1110 3014 1266 3083 diserevit
1287 3013 1407 3101 iniquo.

508 3120 583 3189 Nou
605 3122 699 3189 illum
721 3123 885 3211 lacrimae,
908 3147 972 3189 non
995 3122 1089 3189 illum
1112 3145 1208 3190 eaaus
1230 3120 1338 3207 eruiei,

506 3228 582 3295 Nou
605 3228 692 3295 ullae
714 3230 833 3296 flexere
854 3252 976 3318 preees,
999 3251 1061 3297 uae
1083 3229 1206 3317 profuit
1228 3227 1287 3295 ulli

508 3334 600 3399 Auro
622 3356 756 3401 onerare
778 3358 894 3400 manus
917 3345 949 3400 et
971 3335 1110 3421 grandia
1133 3334 1268 3421 iungere
1290 3333 1384 3398 dena.

467 3487 475 3502 .
507 3437 582 3504 Non
606 3438 661 3505 ille
684 3440 785 3505 tristis
806 3438 958 3505 diseessit
980 3438 1088 3505 iudiee
1110 3460 1234 3527 pauper

508 3543 577 3609 Aut
598 3544 700 3611 iustas
723 3545 809 3611 fudit
830 3546 995 3629 laerimas3
1018 3567 1083 3611 non
1108 3554 1278 3612 stemmata
1299 3564 1461 3630 quemque

508 3651 578 3714 Aut
599 3651 712 3739 proavi
735 3652 847 3719 iuvere
868 3674 973 3740 genus
995 3650 1049 3717 vel
1072 3650 1113 3717 ub
1136 3650 1265 3718 aethere
1287 3648 1431 3715 duetum

508 3757 552 3823 Et
574 3757 629 3845 qui
652 3781 695 3825 ex
717 3768 820 3825 matre
843 3781 955 3825 reeens
978 3759 1013 3824 in
1037 3757 1095 3824 vili
1119 3758 1223 3847 vagiit
1246 3755 1329 3845 algu,

508 3864 587 3931 Iura
608 3864 683 3932 tulit
705 3888 778 3950 aua3
802 3889 863 3933 nee
886 3867 952 3933 fors
974 3877 1024 3933 est
1047 3866 1177 3933 diversa
1197 3872 1311 3932 seeuta

406 3991 475 4037 aas.
509 3972 581 4059 lma
603 3994 644 4039 ex
668 3972 762 4062 plebe
784 3973 901 4061 virum,
923 3973 1085 4040 tumidum
1108 3996 1207 4061 quam
1229 3970 1326 4039 rebus
1349 3970 1456 4057 avitis,

509 4078 718 4146 Attollentem
742 4082 867 4148 animos
890 4091 921 4149 et
943 4080 1083 4170 gremia
1105 4079 1205 4147 verba
1228 4086 1405 4146 sonantem.

600 4186 698 4254 Hune
720 4196 847 4254 tuntum
870 4190 1017 4255 amisisse
1040 4189 1158 4275 virum,
1179 4210 1238 4254 rex
1261 4186 1382 4272 inelite,
1404 4184 1505 4274 luges

509 4291 619 4381 Auget
641 4304 682 4382 et,
704 4294 778 4383 heu,
800 4295 934 4383 luetum,
957 4295 1045 4385 quod
1068 4318 1128 4363 nee
1151 4294 1330 4362 similemve
1352 4316 1506 4383 paremve

512 4486 522 4517 ¹
540 4488 657 4552 Elisaba,
676 4506 745 4558 quaa
762 4492 859 4543 uoulux
878 4492 1043 4561 Sigiamundl
1060 4492 1177 4561 Augusti
1196 4491 1265 4545 ubllt
1282 4508 1307 4545 a.
1327 4489 1405 4547 1546.

511 4575 523 4607 ¹
541 4578 675 4632 llaurteus
695 4580 721 4631 11
740 4580 978 4649 aneogallemm
1002 4598 1048 4634 rex
1072 4579 1279 4651 (mae-1559).
1307 4580 1353 4649 qul
1378 4579 1545 4650 geutllleluur

402 4666 573 4720 Valeriorum
591 4668 707 4737 inrigua,
725 4669 779 4722 tria
796 4669 863 4737 lius,
881 4673 1016 4739 gestabat

466 4773 472 4791 ³
511 4754 741 4825 'Expeditionem
768 4760 804 4811 ab
831 4759 950 4811 Haeduo
976 4760 1004 4810 ln
1032 4760 1140 4812 ltaliam
1171 4766 1323 4826 susesptam
1352 4758 1441 4826 tangit
1470 4756 1546 4825 (suta

402 4860 430 4898 a.
449 4843 554 4911 1ὁόοη
