4109 5767
711 741 748 776 nn
765 741 878 777 rutenos
895 741 1044 778 sacreum
1062 743 1253 786 umerumque.
1487 729 1555 795 17‘1

1220 814 1239 822 ..
1257 813 1279 820 -
1401 815 1555 836 .,.-.;.,,.,

781 810 837 818 “’“““”
841 810 1137 832 -Ἲζπξ-ἪΤ-ἱῖ-
1169 823 1219 832 m..-
1224 823 1264 832 -.-
1269 815 1309 832 ι-Σ,
1315 815 1337 833 '02'
1344 815 1395 834 ”--.
1406 825 1444 834 ...ι-
1450 827 1492 834 ...-

520 933 664 1022 Suscipit
686 933 862 1000 immensos
883 934 1027 1023 gratanti
1050 944 1158 1002 mente
1180 932 1316 1022 labores,

573 1040 703 1131 Vulgus
725 1051 763 1108 nt
785 1041 953 1109 indoctum
975 1042 1111 1109 numine
1134 1065 1215 1108 vern
1237 1041 1331 1110 eolat.

439 1171 486 1215 ss.
516 1149 658 1216 Divinos
680 1150 784 1215 sacris
807 1148 936 1239 templis
958 1149 1086 1216 inducit
1108 1149 1247 1216 honores

573 1258 774 1346 Ignarosque
796 1258 892 1325 docet
915 1256 1039 1325 ceelice
1061 1259 1150 1324 iussn
1173 1258 1274 1346 sequi.

520 1364 676 1453 Algentes
699 1366 808 1453 superi
832 1364 960 1431 sceibus
983 1365 1154 1431 succendit
1177 1365 1297 1431 umoris

575 1471 618 1537 Et
640 1472 768 1560 priseae
790 1472 932 1538 ostendit
954 1470 1121 1561 religionis
1145 1493 1231 1560 opes.

520 1578 704 1668 Sacrilegos
726 1579 876 1667 reprimit
898 1579 973 1645 totis
996 1576 1168 1646 conatibus
1192 1599 1300 1666 ausus,

439 1710 487 1754 so.
573 1686 664 1769 Quos
686 1696 780 1778 pnrut
802 1688 837 1754 in
861 1685 983 1756 Olrristi
1006 1685 1104 1754 turbe
1127 1685 1265 1776 proinnn
1286 1709 1428 1776 gregem.

520 1794 692 1882 correptos
715 1794 810 1860 iuriis
833 1795 999 1882 vnquue
1020 1794 1187 1860 erroribus
1210 1801 1300 1858 cetos
1386 1865 1389 1872 ,

574 1899 627 1965 Ad
650 1921 762 1965 verum
786 1909 919 1965 revocet
940 1921 1006 1965 non
1030 1900 1101 1964 sine
1124 1897 1221 1964 leude
1243 1896 1350 1965 iidem

519 2006 663 2094 Oorrigit
685 2027 821 2090 errores,
843 2027 924 2092 quos
947 2003 1129 2093 vulgavere
1151 2004 1278 2091 luperci

574 2110 738 2179 Obscocni
760 2132 873 2198 nuper,
896 2109 1007 2174 dedite
1030 2108 1128 2175 turbe
1150 2108 1247 2196 gulee
1257 2111 1278 2172 ¹.

439 2225 499 2284 ss.¹
518 2215 792 2306 lllesplrcrncsqne
822 2216 941 2306 premit
962 2215 1066 2285 Oscos
1090 2213 1315 2304 triplicemque
1338 2212 1558 2303 Chimaeram,

572 2325 708 2392 Pestcs’
729 2323 905 2391 haereseon
928 2321 1088 2390 Fluminis
1110 2344 1188 2388 cnse
1210 2331 1315 2388 necet

519 2429 608 2512 Quid
630 2448 775 2498 remorer
798 2429 932 2496 multis?
955 2439 1041 2497 totus
1065 2429 1193 2496 defixus
1215 2429 1249 2494 in
1273 2426 1330 2494 illo
1352 2436 1410 2516 est

572 2537 703 2606 (llerest
725 2548 762 2603 ut
784 2538 888 2626 pietus
911 2535 1090 2626 religioque
1112 2537 1186 2603 Dei.
1316 2547 1318 2551 ’

520 2645 583 2710 His
606 2645 662 2712 ubi
686 2644 864 2710 distentum
887 2644 1004 2731 cernis,
1028 2643 1160 2710 diseede
1183 2663 1372 2730 parumper3

437 2773 486 2817 so.
572 2750 635 2816 Ast
657 2772 800 2816 vacuum
824 2749 913 2815 euris
937 2747 1042 2814 lectus
1065 2748 1154 2815 ndito
1177 2747 1296 2814 virum.

518 2856 651 2945 legerit
672 2856 728 2923 hic
750 2857 779 2922 si
802 2864 843 2942 te,
865 2865 903 2920 ut
925 2877 1027 2944 spero,
1050 2853 1235 2945 lectumque
1257 2854 1411 2944 probarit,

572 2963 734 3032 Omnibus
756 2962 897 3028 inmensi
920 2962 1064 3028 numinis
1088 2962 1192 3028 inetur
1214 2961 1279 3028 eris
1288 2964 1310 3028 ⁸.

519 3257 529 3289 ¹
547 3259 734 3311 Adumitururn
751 3265 854 3312 sectum
871 3264 983 3325 ttngsre
1002 3256 1116 3309 ridetur.

519 3345 590 3400 'Ex
606 3355 684 3400 msto.
704 3347 896 3414 uunscdptum
914 3347 1009 3398 hebui:
1030 3348 1163 3414 ,portss“.
1182 3347 1224 3400 Ad
1239 3345 1403 3412 ,llnminw
1418 3346 1559 3399 notionem

411 3439 483 3490 conl.
502 3453 546 3504 pg.
567 3436 618 3489 173
647 3437 720 3500 XVI,
739 3452 764 3488 r.
782 3435 808 3490 u.

520 3521 531 3554 ⁸
550 3525 648 3576 Omnes
667 3539 798 3575 summurn
817 3524 867 3576 tibi
886 3524 1006 3613 tribuent
1024 3524 1220 3576 auctoritttsm.

516 4905 630 4946 umine
648 4906 675 4944 Τ.
688 4906 716 4945 ll.
