4109 5767
1064 349 1197 413 342
2021 364 2177 399 nrm
2214 363 2386 399 ιιοηιι

2189 822 2248 889 8.

1473 1019 1580 1085 De
1623 1017 1884 1085 excidio
1930 1017 2114 1084 urbis
2161 1015 2897 1084 WITTEMBERGAE
2922 1023 2958 1079 ¹.

1283 1195 1531 1262 Infelix
1576 1215 1756 1282 ergo·
1778 1217 2056 1282 magnae
2090 1195 2286 1273 cadis
2333 1194 2590 1261 aemula
2635 1193 2894 1276 Romae,

1285 1301 1782 1389 Wittemberga,
1826 1310 2026 1389 caput
2073 1300 2427 1366 multorum
2473 1312 2538 1366 et
2583 1322 2784 1366 causa
2829 1299 3169 1385 malorum,

1283 1408 1573 1474 Demens
1617 1407 1745 1472 heu
1792 1429 1960 1494 quae
2005 1429 2138 1472 non
2185 1407 2390 1493 patris
2437 1407 2749 1471 mandata
2793 1404 3055 1486 Quirini

1284 1514 1613 1599 Audieris,
1659 1514 1774 1580 toti
1820 1515 2127 1602 princeps
2173 1514 2285 1602 qui
2332 1514 2479 1577 iura
2526 1512 2640 1578 dat
2683 1512 2842 1598 orbi,

1167 1643 1219 1689 s.
1279 1623 1409 1688 Ter
1452 1622 1782 1710 quondam
1829 1621 2092 1687 afflatus
2136 1622 2543 1708 geminorum
2592 1620 2855 1687 flamine
2898 1621 3169 1705 Divum,

1283 1727 1614 1795 Maximus
1661 1728 1772 1794 ille
1816 1738 2002 1817 pater
2048 1750 2267 1794 rerum
2313 1749 2618 1815 suprema
2661 1738 2962 1815 potestas,

1285 1835 1418 1917 Qui
1466 1836 1680 1902 caelos
1727 1836 1928 1902 verbo
1974 1833 2243 1922 claudit,
2288 1836 2400 1923 qui
2448 1833 2696 1900 claudit
2741 1856 2988 1900 averna

1284 1943 1729 2032 Arbitriisque
1774 1945 2000 2032 aperit,
2047 1942 2212 2009 caeli
2260 1943 2628 2009 dominator
2671 1952 2736 2008 et
2779 1942 2932 2008 orci.

1286 2051 1605 2120 Audisses
1655 2052 1931 2119 utinam!
1978 2061 2180 2118 staret
2225 2050 2600 2118 venerabile
2647 2072 2880 2116 nomen

1126 2184 1218 2228 ιο.
1277 2159 1510 2229 Gentis
1558 2161 1888 2251 honosque
1935 2171 2085 2227 tuae
2131 2172 2194 2228 et
2241 2170 2309 2227 tu
2360 2160 2838 2248 Wittemberga
2885 2181 3197 2224 maneres.

1464 2268 1635 2337 Orsa
1680 2268 1866 2335 nefas
1912 2270 2144 2356 maius,
2188 2291 2386 2357 quam
2431 2269 2665 2357 priscis
2712 2267 2955 2334 accidit
3000 2267 3210 2351 annis,

1284 2374 1595 2440 Turbasti
1643 2376 2024 2463 Divumque
2072 2375 2295 2439 domos
2344 2374 2623 2462 spoliare
2669 2373 2956 2439 nefanda

1287 2482 1473 2545 Ausa
1518 2503 1718 2545 manu
1765 2503 2003 2567 pravos
2050 2482 2317 2545 mutatis
2365 2482 2557 2546 rebus
2606 2482 2674 2543 in
2722 2503 2879 2544 usus

1286 2587 1504 2672 Atque
1549 2587 1736 2652 novis
1784 2587 2029 2673 passim
2075 2587 2405 2651 temerasti
2453 2585 2708 2672 legibus
2758 2584 2969 2650 urbes.

1125 2713 1225 2757 ιι.
1281 2690 1521 2757 Omnia
1564 2692 1883 2778 tempsisti
1930 2701 2224 2757 veterum
2271 2692 2550 2778 vestigia
2594 2701 2871 2779 patrum,

1285 2796 1497 2862 Prisci
1545 2799 1861 2885 antiquati
1910 2799 2095 2884 ritus,
2142 2798 2334 2862 irrisa
2382 2808 2690 2864 vetustas.

1285 2902 1396 2969 Nil
1429 2903 1566 2990 tibi,
1597 2903 1691 2969 nil
1722 2904 1969 2993 placuit
1988 2944 2069 2954 —
2098 2913 2352 2994 praeter
2384 2915 2600 2970 tua—
2631 2904 2940 2993 quicquid
2976 2902 3227 2969 avitum
3257 2908 3360 2965 est

1286 3012 1780 3101 Firmatumque
1825 3015 2015 3079 annis
2065 3012 2314 3081 meliori
2361 3014 2543 3080 venit
2588 3014 2671 3080 ab
2718 3035 2899 3079 aevo,

1286 3119 1585 3186 Inventis
1630 3131 1936 3188 contenta
1980 3123 2129 3209 tuis,
2174 3144 2341 3211 quae
2390 3120 2561 3187 fudit
2606 3121 2862 3189 acerbis

1125 3249 1222 3294 20.
1285 3228 1640 3316 Exagitata
1687 3230 1873 3315 odiis,
1920 3229 2177 3295 furialis
2197 3233 2222 3269 ²⁸
2268 3228 2496 3317 lingua
2539 3228 2810 3296 Lutheri

1292 3335 1450 3403 Sive
1495 3335 1667 3424 quod
1716 3337 2083 3425 ambiguus,
2128 3338 2342 3403 variat
2385 3338 2496 3426 qui
2543 3336 2739 3425 dicta,
2792 3334 3251 3403 Melanchthon
3272 3338 3312 3419 ⁸,

1291 3444 1440 3510 Non
1486 3444 1699 3511 malus
1744 3446 2024 3532 ingenie,
2072 3445 2187 3511 sed
2234 3444 2435 3512 iudex
2484 3445 2711 3533 futilis,
2756 3445 2953 3512 audet

1292 3553 1430 3619 Aut
1474 3553 1653 3640 prior
1698 3553 1800 3620 his
1845 3553 2192 3641 quondam,
2239 3553 2352 3620 sed
2401 3576 2531 3619 non
2578 3553 3007 3620 truculentior
3051 3553 3364 3635 Hussus⁴,

1291 3658 1583 3724 Traxisti
1631 3681 1853 3726 sacras
1902 3661 2172 3727 variatis
2218 3661 2453 3727 ritibus
2500 3661 2694 3726 aedes

1299 3917 1315 3948 ⁸
1357 3919 1512 3970 Corn.
1555 3917 1672 3971 122.

1299 4006 1319 4037 ¹
1355 4025 1452 4059 ms.
1497 4010 1764 4074 „furiali“.
1816 4010 1917 4061 Sed
1956 4012 2185 4061 fortasse
2228 4011 2480 4075 „l'uriati'⁴
2523 4012 2740 4077 scripsit
2777 4011 2839 4061 B.

1299 4095 1321 4125 ⁸
1358 4114 1454 4149 ms.
1499 4099 1871 4163 „Melancton“
1911 4098 2171 4166 (passim).

1294 4185 1315 4214 ⁴
1354 4202 1449 4237 ms.
1493 4192 1704 4251 „usus“.
1757 4188 1973 4239 correxi
2011 4205 2078 4238 ex
2116 4188 2440 4240 coniectura.
2499 4190 2727 4240 loannes
2767 4189 3006 4253 Russus,
3047 4189 3270 4238 Boemus
3305 4199 3358 4236 s..

1084 4274 1224 4328 1369
1250 4283 1426 4338 natus,
1465 4277 1842 4329 auctoritatem
1881 4287 2014 4329 stae.
2053 4278 2353 4343 scripturae
2392 4279 2486 4341 eis,
2537 4293 2676 4343 quae
2726 4278 2795 4329 ab
2845 4277 3077 4330 eeclesia
3117 4282 3218 4327 sta.
3258 4283 3364 4325 tra-

1081 4364 1298 4430 duntur,
1349 4365 1683 4433 decretisque
1721 4366 2032 4432 pontificum
2071 4381 2211 4417 max.
2251 4367 2608 4432 praeferebat.
2666 4366 2985 4417 combustus
3023 4371 3104 4416 est
3140 4380 3206 4416 ex
3240 4378 3363 4415 con·

1083 4452 1198 4503 cliii
1239 4454 1640 4504 constaneensis
1677 4453 1891 4506 decreto
1930 4470 1978 4505 a.
2021 4452 2177 4506 1415.
