4109 5767
640 348 746 456 Eg:
1112 364 1191 401 mu
1208 365 1297 401 som
1408 388 1411 415 ·,

748 555 844 646 Βίςο,
866 565 943 623 tuus
965 554 1097 646 placido
1119 555 1207 645 leget
1229 556 1362 624 inolitus
1383 580 1440 625 ore
1462 568 1603 646 senatus,

802 664 878 749 Qus
899 665 1041 734 Diwine
1063 664 1237 734 velivolis¹
1259 666 1295 733 in
1317 689 1407 735 mule
1429 664 1533 734 fertur
1555 667 1650 757 aquis
1663 672 1684 736 ¹.

1189 1152 1242 1219 37.

978 1331 983 1341 ⁸
1038 1344 1094 1412 IN
1124 1344 1385 1413 tunlensi

745 1520 864 1588 Veetut
885 1520 979 1589 miles
1002 1544 1108 1611 egros,
1131 1522 1270 1611 sumpsit
1292 1520 1410 1610 quibus
1432 1542 1524 1587 urme
1549 1520 1698 1609 tuendis,

797 1629 843 1695 Et
865 1638 965 1696 vexet
987 1630 1124 1695 miseros
1146 1630 1267 1719 impius
1289 1627 1459 1717 agriculus.

743 1733 973 1823 Inteetumque
995 1734 1078 1800 nihil
1101 1757 1218 1799 munus
1240 1733 1329 1800 illius
1352 1756 1438 1799 unes
1459 1732 1624 1821 relinquit,

797 1838 859 1907 Oui
881 1838 964 1905 nihil
987 1839 1163 1926 oecultum,
1185 1838 1233 1905 nil
1255 1839 1334 1905 setis
1357 1861 1427 1905 esse
1449 1848 1563 1927 potest

683 1967 711 2013 e.
741 1945 872 2014 Interes
893 1946 1024 2013 illaesos
1047 1944 1180 2013 hostiles
1204 1946 1342 2013 sustinet
1364 1968 1460 2033 egros

795 2054 859 2122 Ille
881 2054 1028 2142 sceleste,
1050 2076 1163 2145 rapax,
1186 2054 1244 2121 ille
1266 2053 1396 2121 oculata
1418 2076 1543 2119 munus.

742 2163 966 2233 consiliumne
988 2162 1037 2230 illi
1060 2174 1124 2252 est,
1145 2162 1246 2231 hostis
1269 2186 1351 2253 quos
1372 2160 1508 2253 perdere
1531 2159 1622 2229 ferro

795 2273 952 2359 Festinat,
974 2272 1067 2361 prius
1088 2272 1148 2339 hos
1170 2270 1287 2361 perdet
1309 2283 1345 2337 ut
1367 2270 1423 2337 ille
1445 2270 1552 2336 fame?

1107 2469 1311 2481 .....—.-—-

1179 2758 1231 2825 38.

842 2953 893 3021 IN
916 2952 1127 3036 AQUILAM
1150 2952 1283 3022 REGIS
1306 2951 1533 3020 POLON1An
1548 2955 1570 3018 ⁴.

739 3131 819 3199 Ales
841 3155 903 3220 ego
926 3132 1069 3220 Augusti
1092 3133 1195 3197 iustos
1217 3140 1292 3218 tego
1315 3132 1460 3198 suaviter
1483 3129 1552 3216 elis,

792 3238 860 3319 Qui
883 3260 959 3304 sens
981 3248 1039 3323 est,
1064 3260 1191 3324 ungues
1215 3239 1332 3304 sentiet
1354 3236 1410 3303 ille
1433 3258 1529 3303 meos

741 3440 865 3494 ¹Osset:
886 3441 1052 3509 „vellsells“.

741 3530 752 3561 '
770 3532 904 3598 Scriptum
923 3539 965 3584 est
983 3532 1034 3584 hue
1053 3547 1161 3585 eumen
1173 3539 1234 3598 post
1246 3547 1271 3584 e.
1285 3530 1364 3598 1563,
1382 3546 1434 3598 que
1446 3530 1602 3583 Dseisiuuu
1614 3528 1784 3581 Litusnieeo

632 3622 748 3689 priunum
766 3621 913 3674 Orseevise
932 3621 1004 3688 typis
1022 3637 1165 3687 expresses
1183 3628 1253 3673 sunt.

741 3709 828 3763 ¹0⁸⁸.
847 3710 900 3765 ³01
924 3734 949 3755 ι
974 3727 1046 3764 cern.
1065 3710 1127 3765 366.
1154 3711 1231 3764 Gens.
1251 3727 1333 3778 supra
1350 3727 1394 3778 pg.
1413 3706 1449 3763 29
1467 3725 1506 3775 sq.

739 3799 828 3853 ¹0⁸⁸.
848 3800 884 3854 93
907 3824 932 3845 -
955 3817 1028 3853 euru.
1048 3801 1110 3855 216.
