4109 5767
646 755 850 793 virutum!
867 756 1019 792 ΙΙῦΙΙΙῦΙΜ
1037 756 1059 791 11
1077 757 1110 791 8¹1·
1129 755 1259 793 mum·

495 947 587 1013 Dum
609 956 694 1014 teres
716 947 870 1013 inseritur
893 944 1005 1033 digitis
1026 944 1191 1033 regalibus
1215 967 1344 1028 surum3

496 1052 632 1141 Soeptru
654 1075 782 1141 quoque
804 1052 1030 1140 insignemque
1046 1049 1157 1117 orbem
1171 1073 1362 1139 suorumque
1378 1071 1530 1117 ooronem
1571 1099 1574 1108 .

497 1159 560 1225 His
583 1158 678 1247 oddo,
699 1159 763 1225 triu
785 1158 950 1224 sumetioi
972 1180 1057 1246 quoe
1079 1157 1222 1245 insignio
1243 1158 1336 1246 regni

416 1284 464 1331 ro.
496 1265 711 1331 Austriedum
733 1265 836 1353 virgo,
858 1286 962 1352 genus
984 1263 1050 1329 ulto
1073 1287 1093 1329 u
1116 1265 1274 1351 sanguine
1296 1286 1419 1352 regum,

336 1380 344 1400 ‘
495 1372 664 1458 Augustos
686 1392 790 1459 nuper
811 1368 971 1435 tholumos
994 1368 1124 1435 editura
1147 1370 1268 1456 reoepit

496 1477 527 1542 A
550 1475 711 1563 munibus,
732 1474 927 1563 Muoiosoho,
949 1476 1024 1563 tuis,
1047 1474 1238 1564 dignissime
1260 1473 1390 1564 praesul
1402 1477 1422 1540 ¹.

495 1583 571 1650 Non
593 1583 722 1674 geniale
743 1583 876 1674 epulum
900 1583 993 1651 nobie
1016 1583 1182 1674 festosque
1205 1582 1340 1650 ohoreoo

496 1691 658 1776 Indiotuo3
680 1701 844 1760 extremae
866 1691 1026 1759 odioimus
1049 1690 1127 1758 datu
1149 1699 1293 1780 tompore
1315 1688 1438 1757 teerleu

415 1821 465 1867 ro.
495 1797 579 1866 Rom
600 1807 726 1888 gestum
749 1800 906 1886 uenimus,
929 1799 1046 1888 eapitis
1069 1821 1134 1866 non
1157 1799 1283 1865 somnio
1304 1797 1395 1880 veniq

496 1903 597 1971 Nullo
619 1905 734 1971 Venus
755 1904 859 1990 nobis,
882 1913 996 1970 uurute
1018 1913 1144 1970 umato
1165 1902 1325 1991 pheretro,

497 2009 607 2078 cordo
628 2010 797 2076 venenatis
819 2008 970 2076 uouendit
992 2009 1114 2098 frigide
1135 2008 1217 2094 telis,

497 2114 656 2201 Virgineo
678 2112 841 2199 solvitque
863 2114 1009 2180 oninium
1032 2114 1234 2201 frontemque
1256 2111 1389 2201 pudore,

496 2220 572 2287 Non
592 2220 708 2310 roginu
729 2219 828 2287 ‹loum
850 2220 1035 2309 ooniuxque
1057 2241 1210 2309 sororque
1231 2218 1373 2286 tonantis

415 2350 467 2396 st.
495 2328 574 2396 Uno
595 2327 693 2414 Iovis,
716 2327 810 2393 nobis
832 2326 1008 2418 hymeneie
1030 2326 1141 2393 vinols
1162 2334 1322 2416 procuret,
1347 2362 1388 2374 -

496 2436 594 2502 Vena
616 2435 801 2525 superstitio
823 2434 1006 2523 nostrisque
1027 2433 1164 2522 indigne
1185 2433 1296 2522 poetis.

496 2542 558 2610 Illo
580 2542 690 2632 opifex
712 2565 822 2610 rerum
844 2540 1023 2630 mundique
1045 2564 1197 2630 supreme
1217 2549 1367 2631 potestus,

499 2650 662 2716 Aeternus
683 2649 790 2736 Peter,
813 2659 943 2716 ueterno
966 2659 1056 2715 satus
1078 2648 1134 2715 ille
1155 2649 1294 2716 Parente

497 2756 723 2844 Aetornusque
745 2755 841 2843 idem,
863 2766 896 2822 et
918 2755 974 2843 qui
998 2764 1134 2844 utroque
1157 2753 1197 2822 sb
1221 2755 1354 2821 numine
1376 2754 1498 2841 venit¹,

415 2884 465 2930 so.
494 2860 603 2931 corda
624 2860 793 2930 hominnm
815 2863 879 2930 oiet
901 2872 934 2930 et
955 2861 1144 2930 melioribus
1166 2861 1280 2950 arrigit
1302 2861 1404 2927 ausis:

497 2970 561 3038 Illa
583 2970 663 3038 milri
686 2981 786 3059 ouret,
809 2994 874 3039 non
897 2971 994 3039 rebus
1016 2972 1153 3040 numine
1175 2993 1277 3038 eursu

497 3079 659 3166 Carmine,
681 3079 852 3145 mentitum
874 3102 1005 3165 numen,
1027 3077 1236 3168 pharetratu'
1257 3075 1388 3146 reoedot

497 3184 598 3252 Pulso
619 3186 735 3253 Venus
757 3194 875 3272 nostro,
897 3187 1066 3274 niveisque
1088 3186 1218 3254 inventu
1241 3185 1399 3254 columbis

496 3292 666 3359 Pioturuto
687 3293 755 3359 suis
778 3293 876 3360 ieotet
898 3315 934 3360 se
955 3315 1042 3359 vona
1064 3292 1229 3384 Cytheris:

415 3418 465 3464 st.
494 3397 697 3486 Troiugenas
719 3399 803 3465 Iuno
824 3399 982 3487 terrisque
1005 3399 1120 3486 fatiget
1141 3407 1174 3465 et
1197 3398 1270 3485 olto,

497 3502 567 3570 Aut
587 3504 734 3570 reoidire
756 3505 824 3570 suis
846 3505 1005 3571 instauret
1027 3505 1155 3570 moenia
1177 3499 1306 3570 Poenis:

497 3609 587 3676 Vere
609 3609 692 3676 ieret
714 3620 870 3696 nostrum,
893 3632 958 3675 non
980 3610 1074 3675 irritu
1096 3609 1232 3675 numina
1254 3630 1394 3674 carmen.

500 3713 588 3795 Quid
612 3713 728 3782 modiis
750 3715 835 3782 Ister
856 3737 1004 3782 moerens
1026 3724 1126 3804 eaput
1148 3714 1269 3782 exserit
1291 3712 1412 3780 undis?
1525 3779 1534 3786 ,

497 3820 769 3910 Austriueumquo
791 3822 859 3887 suis
881 3822 1061 3911 nympham
1083 3820 1240 3890 deoedere
1262 3820 1372 3910 regnis

418 3948 465 3994 to.
495 3925 676 4014 Indignuns
698 3927 865 4016 queritur?
886 3928 1089 4016 positumque
1110 3927 1269 4017 inglorius
1292 3949 1419 4013 urnam,

497 4257 508 4292 ¹
526 4257 581 4311 me
597 4273 690 4310 versos
707 4258 738 4310 ln
754 4265 825 4311 msto
842 4264 904 4327 post
920 4275 1027 4312 versun
1047 4259 1195 4328 proximum
1213 4261 1283 4326 (Non
1295 4261 1463 4330 gnoldo...)
1480 4261 1535 4316 ool·

392 4342 496 4400 tessus
514 4353 563 4402 est.
583 4348 695 4400 Booten
713 4346 833 4401 ordinem
850 4348 965 4402 restitui.
990 4347 1042 4402 sed
1061 4349 1175 4402 fortune
1194 4365 1219 4402 v.
1240 4347 1274 4403 17
1294 4351 1401 4417 spurius
1419 4357 1470 4420 est,
1487 4369 1533 4406 ue·

392 4451 443 4505 que
454 4435 525 4489 enim
535 4436 733 4505 lisolejowskl,
748 4437 795 4491 ssd
807 4439 921 4492 (lentot
938 4438 1091 4492 uuonan
1103 4439 1178 4507 regio
1189 4439 1317 4494 Eilesion
1328 4441 1443 4496 omaus.
1456 4441 1534 4496 cont.

391 4525 502 4594 munt
519 4526 646 4580 osmlnls
664 4542 691 4582 v.
710 4525 762 4581 185
779 4543 836 4596 sqq.
853 4526 929 4582 Aduo
946 4528 1016 4597 quod
1035 4528 1063 4580 ln
1081 4528 1150 4582 libro
1169 4537 1211 4584 est
1228 4538 1324 4584 oootrs
1341 4532 1420 4585 rostri
1435 4531 1533 4602 legsnu

394 4614 554 4678 ,testona

497 4699 722 4771 'tumtunm
738 4705 828 4773 potius
848 4711 970 4771 ‚oretw
989 4715 1040 4760 eut
1059 4711 1214 4772 „mneos'.

497 4786 510 4820 ⁸
526 4792 611 4846 Poste
629 4792 736 4846 videtur
753 4809 909 4863 eognornen
928 4795 1068 4863 copim·
1092 4796 1120 4848 ln
1144 4803 1258 4851 metron
1276 4797 1334 4851 elus
1354 4797 1534 4852 uminum
