4109 5767
581 683 663 720 urm
681 684 708 720 rs
726 684 871 721 rosmsrms
889 683 953 720 aaa.
973 683 1078 720 notun.
1203 669 1207 678 ’
1336 669 1408 732 26Ῐ

435 755 507 762 nm..-
515 748 614 762 -0--1
646 754 1051 764 n—*u-——mm--r

423 877 693 968 „Nostra1haeo²
714 902 780 947 non
802 887 931 948 nostrae
953 879 1026 947 iura
1048 879 1166 948 sororia
1189 879 1313 947 erant“.

265 1010 331 1056 1=.··›.
366 989 518 1079 Imponat
540 988 638 1056 tantis
660 987 822 1078 finemque
844 987 1041 1078 modumque
1054 987 1203 1083 'querelis

420 1097 614 1185 Tergemiuo
636 1097 750 1185 nigrae
771 1097 890 1164 ianitor
911 1115 967 1164 ora
988 1097 1114 1186 domus,

367 1203 562 1291 Ingentique
584 1213 682 1270 oauat
702 1204 804 1270 tristis
827 1227 914 1271 nova
935 1202 1058 1292 gaudia
1079 1204 1155 1272 leoti

420 1309 570 1392 Latratu3
592 1307 628 1375 hi
650 1310 752 1377 vestri
775 1310 849 1395 sint,
870 1309 1060 1401 hymenaee,
1082 1307 1182 1377 ebori,

367 1413 517 1502 Orpheus
539 1414 616 1482 inde
637 1415 760 1502 procul,
782 1416 896 1505 prooul
918 1414 995 1482 inde
1017 1438 1158 1483 omerus
1180 1415 1288 1483 Arion

266 1541 334 1586 ιιο.
421 1521 530 1607 Atque
551 1518 756 1609 amphioniae
777 1521 901 1610 plectra
921 1521 1043 1588 diserta
1064 1520 1166 1612 lyrae

366 1625 431 1690 Pro
453 1623 572 1713 quibus
593 1622 765 1693 horrificos
787 1625 881 1694 ferali
904 1628 1048 1694 earmina
1069 1625 1167 1712 bubo,

419 1729 517 1797 Inflet
538 1729 728 1797 stridentem
750 1739 845 1798 noete
868 1730 982 1798 edente
1003 1730 1126 1798 tubam.

367 1837 495 1902 Noctua
516 1835 660 1903 lnetifioo
682 1836 874 1925 respondeat
896 1837 1009 1904 abdita
1031 1846 1139 1923 mutu,

420 1941 452 2006 N
453 1942 623 2032 yutioorax
644 1963 743 2010 voees
765 1942 841 2009 edat
863 1951 896 2009 et
917 1943 987 2031 ipse
1009 1961 1095 2008 suas.
1123 1963 1128 1970 ·

266 2069 333 2113 ιιο.
368 2048 607 2139 Nocturnisque
630 2071 728 2117 nanee
750 2048 929 2117 ululatibus
952 2071 1028 2115 aera
1049 2047 1188 2138 pulsent,

420 2157 570 2248 Lugubri
592 2167 625 2227 et
646 2157 802 2248 quiequid
824 2167 956 2249 gutture
977 2156 1070 2226 triste
1092 2166 1193 2225 sonat.

368 2265 497 2333 involet
517 2266 553 2332 in
576 2289 705 2334 mensas
727 2267 812 2334 tristi
835 2266 1030 2335 scarabaeus
1052 2265 1163 2334 odore:

421 2371 512 2453 Quas
534 2373 639 2441 volvit
660 2372 808 2463 pedibus,
830 2375 949 2440 inferat
970 2373 1026 2440 ille
1049 2372 1157 2462 dapes

367 2475 410 2547 So
432 2478 573 2548 oooultat
596 2479 653 2569 sol,
676 2503 717 2550 ne
741 2480 881 2549 oonubia
903 2480 982 2547 talia
1004 2489 1126 2567 oernat,

266 2607 333 2651 iao.
419 2585 547 2676 Proque
570 2587 626 2656 illo
648 2587 787 2656 reddant
810 2588 936 2656 sulfura
958 2596 1042 2654 tetra
1063 2587 1159 2655 diem.

366 2692 467 2760 Nulla
489 2696 581 2782 quies
602 2695 758 2764 thalamo:
781 2697 936 2763 oimioum
958 2695 1040 2763 dens
1061 2695 1156 2762 rodat
1177 2693 1332 2780 eundem,

420 2798 515 2866 Illius
536 2799 683 2890 pnlioum
705 2824 770 2868 nou
793 2801 872 2869 satis
894 2802 944 2868 ira
964 2811 1035 2868 tom
1056 2809 1113 2869 aaa

366 2907 553 2974 Insomnem
575 2918 672 2996 ougat
692 2918 793 2975 totam
815 2905 986 2975 traduoare
1008 2916 1137 2975 noctem

419 3013 585 3082 Plurimus
608 3015 735 3103 infesto,
756 3037 855 3105 quam
877 3014 974 3103 valea,
995 3037 1052 3083 om
1073 3013 1179 3083 eulex.

265 3141 332 3187 iau.
366 3119 605 3210 Tisiphoneque
626 3122 689 3189 tori
711 3122 860 3190 dextram
881 3122 1060 3212 Aleatoque
1082 3120 1247 3188 sinistram

420 3227 580 3316 Oooupet3
602 3227 691 3296 illius
714 3230 762 3296 siu
783 3229 984 3321 hymenaeus
1005 3236 1067 3295 eat

367 3333 537 3400 insomnes
557 3333 696 3420 Aurora,
719 3345 808 3401 satus
829 3344 920 3424 patre
942 3333 1115 3402 Phoabna¹
1136 3333 1260 3419 eodem

419 3438 589 3506 Insomnes
610 3439 722 3507 iubeat
743 3457 869 3529 semper
889 3438 1009 3506 habere
1031 3437 1111 3506 diea
1244 3503 1250 3519 ,

366 3545 494 3633 Lapsae
516 3555 624 3614 mento
646 3547 760 3636 lupum
782 3567 870 3614 nuno
893 3568 936 3634 se,
957 3568 1047 3613 nuno
1069 3569 1104 3613 ae
1126 3543 1362 3631 essebonum,

264 3670 334 3717 iao.
418 3653 638 3722 Dentatamve
661 3655 759 3722 aliam
781 3678 816 3722 ae
838 3661 928 3743 putet
950 3673 1022 3722 esse
1044 3654 1164 3738 faram}

367 3758 464 3828 Nune
487 3760 549 3827 sibi
571 3760 712 3830 ridiculo
734 3760 884 3829 videatur
906 3759 1001 3827 simia
1022 3759 1118 3848 riotn,

419 3866 488 3934 Aut
510 3865 539 3934 si
561 3890 627 3957 qna
648 3865 711 3937 hae
733 3869 880 3936 animans
903 3863 1028 3936 foedior
1049 3889 1120 3935 ease
1140 3875 1255 3956 potest

368 3972 446 4039 Mox
467 3973 574 4062 undat,
597 3976 721 4044 fautum
743 3974 823 4042 dum
845 3997 915 4042 sese
938 3973 1043 4042 eredit
1064 3972 1210 4060 uadum,

420 4079 500 4146 Mox
522 4079 627 4169 latret,
650 4104 720 4149 sese
741 4081 820 4147 dnm
841 4090 934 4170 putat
956 4101 1027 4147 esse
1050 4101 1174 4146 canem.

265 4205 333 4249 iao.
368 4183 543 4253 Brutorum
564 4197 730 4276 tamqnam
753 4187 873 4253 formas
895 4187 1065 4254 transisset
1086 4186 1123 4250 in
1144 4207 1265 4271 omnes,

420 4291 464 4360 Se
486 4301 582 4382 neget
603 4315 674 4360 esse
696 4293 813 4380 virum,
836 4316 871 4360 se
892 4302 983 4382 putat
1003 4313 1077 4360 esse
1099 4291 1213 4358 feram.

368 4395 561 4489 Oblitusque
583 4399 635 4467 sui
656 4398 807 4467 manibus
827 4397 1030 4489 pedibusque
1051 4419 1110 4488 per
1132 4396 1231 4464 udam

370 4559 379 4592 ¹
453 4562 470 4614 ⁸.
541 4578 553 4613 ι
617 4563 640 4615 ΙΙ.

370 4567 755 4720 'dohdm'ldhddousugna
779 4649 824 4718 qui
849 4665 934 4717 aequa
959 4665 992 4704 aa
1015 4650 1129 4716 Aurora,
1153 4647 1315 4717 Hyperionis
1339 4665 1408 4716 pro-

262 4736 302 4788 les
320 4743 388 4790 erat.
