4109 5767
878 763 1055 808 raaitrmeaaa.¹
1459 747 1534 813 7305

1226 832 1485 842 .,«.,-.-.-.,
1514 833 1532 853 =

500 955 657 1043 Aspicio?
680 953 761 1019 Mihi
784 954 870 1042 quod
894 957 1022 1022 cunctis
1046 977 1179 1042 sperare
1201 965 1359 1042 negatum
1381 965 1431 1021 est

441 1083 467 1126 a.
498 1060 677 1146 Sideribus,
701 1070 793 1127 vates
817 1083 878 1127 nea
901 1059 1010 1127 dicere
1033 1061 1139 1149 quivit
1161 1061 1290 1149 Apollo!

589 1166 658 1231 Vos
681 1165 748 1231 alui
772 1165 815 1231 ad
838 1188 1040 1254 inaguosque
1061 1165 1163 1232 eduxi
1185 1177 1289 1232 mater
1310 1165 1458 1251 honoras,

498 1271 806 1358 Evexiquevolens
828 1281 868 1356 et,
891 1294 972 1359 quos
995 1271 1135 1338 obscura
1157 1293 1219 1338 nec
1242 1271 1318 1337 ullis

499 1377 651 1462 Insignes
673 1376 772 1442 rebus
795 1376 891 1442 mode
914 1377 1003 1442 sarna
1026 1376 1219 1461 recondidit,
1242 1378 1321 1442 auxi

498 1482 635 1548 Divitiis
658 1482 838 1570 opibusque
861 1491 893 1548 et
915 1481 1003 1548 celsa
1026 1483 1061 1550 in
1084 1481 1161 1548 sede
1183 1480 1300 1548 locavi.

457 1641 465 1656 .
496 1590 716 1676 lunamuoree,
740 1627 783 1640 -
805 1588 884 1678 quid
908 1613 972 1655 nou
997 1589 1126 1678 ingrata
1148 1589 1272 1658 oblivia
1294 1591 1506 1678 possuntt,—

498 1698 612 1764 'llmtis
635 1721 694 1788 pro
717 1697 824 1784 rebus,
847 1720 1002 1784 magnum
1026 1709 1062 1765 ut
1085 1698 1260 1765 discrimen
1284 1697 1418 1786 adirem,

498 1809 646 1893 Fecistis,
670 1807 777 1876 farriae
799 1806 875 1874 fidei
899 1805 1071 1896 dulcisque
1093 1806 1218 1894 salutis,
1240 1846 1283 1858 —-

498 1916 663 1982 Horresco
685 1915 840 2001 referens,
863 1953 906 1964 -·-
930 1925 1058 1980 nostrus
1080 1914 1255 1981 occludere
1277 1925 1389 2004 portas

496 2023 596 2110 Regis
619 2022 735 2110 legatis
759 2022 901 2108 Augusti
925 2021 1107 2088 illustribus
1131 2023 1211 2107 ausi,

457 2181 463 2194 .
496 2131 637 2215 Augusti
660 2131 758 2218 regis,
780 2152 844 2218 quo
868 2130 986 2218 sospite
1010 2130 1145 2196 Prassia
1167 2152 1278 2218 sospes

497 2239 631 2326 Semper
654 2240 727 2305 crit!
751 2261 809 2304 vos
832 2261 924 2326 quac,
947 2263 966 2302 e
989 2237 1089 2324 stulti,
1113 2238 1277 2304 dementia
1298 2238 1407 2327 cepit?

498 2347 589 2410 Haec
613 2369 710 2435 super
734 2348 884 2412 armastis
908 2347 1008 2431 vicos,
1032 2346 1113 2431 lora,
1134 2345 1256 2433 templa
1280 2346 1468 2434 domosqu03

496 2453 625 2516 Mittere
648 2452 764 2517 militia
787 2453 868 2516 iussi
891 2463 987 2538 atque
1010 2453 1156 2516 emittere
1178 2453 1280 2539 portis

496 2558 662 2622 Armatus:
685 2559 830 2623 numeris
853 2579 1005 2624 numeros
1029 2567 1139 2622 vestra
1161 2556 1284 2623 addere
1306 2567 1420 2623 eontra

456 2712 463 2727 .
497 2663 658 2730 Sustinuit
681 2664 768 2748 regis
788 2663 908 2750 spretis
931 2662 1071 2727 audacia
1093 2662 1199 2726 iussis.

584 2767 700 2848 Qualis
722 2777 792 2832 erat
814 2768 931 2832 Troiae
955 2767 1066 2852 seruies,
1089 2789 1164 2832 cum
1187 2766 1330 2832 Graecia
1353 2765 1477 2832 bellum

494 2872 698 2940 Dardanium
719 2874 766 2938 ob
789 2873 939 2939 Paride&
964 2884 996 2938 ct
1019 2872 1127 2940 scelus
1150 2871 1283 2939 exitiale
1304 2873 1476 2939 Lacaenae

494 2983 643 3048 Moverat
665 2979 829 3048 excidium
854 2991 1005 3070 terraque
1029 2981 1176 3069 tuerique
1199 2981 1331 3066 minata,

494 3089 584 3156 'l'alis
608 3099 718 3154 nostra
742 3090 817 3155 suit:
842 3089 964 3155 ferrum
988 3088 1132 3176 undique
1154 3097 1187 3154 ct
1210 3085 1354 3176 undiquc
1378 3088 1500 3155 ferrum

454 3245 462 3262 .
493 3195 659 3264 Stridabat
682 3194 813 3282 fulgens
835 3206 867 3261 ct
889 3195 963 3262 lucc
987 3195 1129 3262 micabat
1151 3194 1264 3262 ahena

493 3303 563 3367 Pax
586 3325 747 3389 nusquam
771 3323 994 3388 nusquamque
1017 3301 1107 3367 lidos.
1131 3301 1224 3368 Ilaec
1246 3301 1353 3388 gratia
1375 3315 1486 3389 regem

493 3410 678 3494 Augustum
701 3409 830 3493 mansit,
853 3417 1116 3496 servatoremque
1139 3407 1318 3474 Polonum?

493 3515 660 3603 Sanguine
681 3516 737 3603 qui
761 3515 940 3602 dextraque
963 3538 1033 3602 sua,
1055 3515 1110 3603 pia
1133 3516 1277 3592 Prassia,
1299 3515 1473 3603 quondam,

494 3622 544 3688 Ne
567 3624 751 3690 unianimam)
775 3623 913 3689 serviret
935 3645 1048 3712 pressa
1071 3623 1183 3710 furori,

452 3779 459 3795 .
490 3731 631 3797 Perfecit
654 3731 799 3820 duroque
822 3731 907 3818 iugo,
930 3730 1016 3820 quod
1042 3731 1128 3798 forre
1150 3729 1314 3820 nequibat,

491 3840 621 3928 Itripuit
644 3840 748 3906 victer
771 3839 977 3928 libertatique
1000 3849 1146 3906 vetustae

491 3946 653 4032 Restituit,
676 3969 759 4034 quae
782 3970 847 4013 nen
870 3947 934 4011 nisi
958 3946 1091 4034 regibus
1114 3956 1190 4012 ante
1213 3946 1339 4033 polonis

491 4053 683 4120 Subiectae¹
707 4054 875 4140 obtigerat,
898 4053 1095 4140 longumque
1118 4076 1241 4118 annosa
1263 4075 1321 4141 per
1344 4074 1472 4137 aevum,

489 4159 631 4224 Pulchra
653 4182 734 4246 paee
757 4162 881 4246 vigens,
904 4161 1005 4246 portis
1030 4160 1165 4225 duraret
1186 4160 1316 4246 apertis.

414 4286 463 4331 aa.
495 4265 569 4331 Hac
592 4265 714 4332 scelere
737 4266 923 4332 excideram
947 4289 1047 4354 prope
1070 4277 1178 4330 vestro
1201 4275 1233 4330 et
1256 4265 1407 4330 tristibus
1432 4264 1520 4330 ausis

487 4372 600 4459 Digna
621 4373 698 4460 pati,
722 4371 864 4439 clemens
887 4373 951 4437 uisi
975 4395 1034 4439 rex
1057 4382 1230 4456 servasset,
1253 4381 1408 4456 aratrum,

488 4480 680 4545 Extremum
704 4502 856 4547 occasum
880 4491 1054 4566 vastasque
1076 4478 1189 4543 videre
1211 4479 1332 4562 ruinas,

381 4593 397 4610 '⁴
491 4585 667 4674 Suppliciis
691 4587 808 4653 vestris
832 4584 961 4652 fomlata
983 4585 1186 4673 madeasque
1210 4606 1335 4650 cruore.

381 4731 584 4742 -—---..-—-

487 4817 494 4846 ¹
514 4834 561 4868 rna.
583 4817 747 4880 „subiecta“.

487 4914 597 4955 Carmina.
611 4914 638 4953 Τ.
653 4912 672 4953 l.
