4109 5767
922 762 1081 801 murum.
1471 750 1576 805 XXXV

434 835 561 855 :=?.-
580 836 644 853 --..-.-.
658 835 759 853 .—-:---
794 835 895 841 -·-----
929 835 1062 854 ...n-m...
1077 834 1574 857 -——-—--—ae

423 958 471 1025 de
492 982 531 1027 oo
554 958 612 1025 leti
634 960 816 1047 paeniteret
839 960 896 1046 (ΙΙ,
923 960 996 1045 132,
1019 960 1129 1044 5-7).
1164 959 1239 1046 Qui,
1263 960 1437 1027 destitutus
1464 984 1522 1049 spe
1543 970 1577 1029 et

424 1068 573 1156 prosperi
596 1068 631 1131 in
654 1067 793 1154 patriam
815 1065 941 1133 reditus
965 1076 996 1132 et
1012 1065 1171 1133 seelesiae
1186 1067 1426 1155 samogitiensis
1446 1066 1489 1133 ad
1505 1089 1574 1135 me·

426 1173 543 1241 liorem
566 1173 791 1242 oondieiouem
815 1173 1034 1260 revoeandae,
1064 1172 1258 1241 veoueiaoto
1288 1184 1358 1239 tum
1381 1172 1502 1241 Vilnee
1530 1172 1575 1241 ad

424 1280 478 1345 sti
502 1281 637 1347 Ioannis
659 1278 935 1369 archipresbyteri
960 1303 1103 1367 munere,
1125 1303 1164 1347 eo
1186 1280 1365 1369 impensius
1388 1281 1449 1347 niti
1468 1282 1576 1369 eoepit

428 1385 470 1451 ad
493 1384 577 1450 illud
599 1385 849 1474 impetrandum.
873 1384 1057 1473 Supersunt
1079 1385 1187 1453 edbuo
1210 1387 1365 1473 earmina,
1387 1410 1429 1453 ex
1451 1385 1572 1474 quibus

426 1513 492 1557 non
516 1491 621 1557 solnm
644 1492 705 1579 ipsi
730 1492 818 1579 regi,
850 1492 906 1579 qni
938 1490 1020 1557 illud
1050 1514 1168 1557 munus
1199 1492 1348 1559 eonferre
1369 1501 1495 1579 poterat
1516 1492 1574 1579 (11,

427 1600 470 1665 25
494 1622 551 1686 sq„
573 1598 625 1665 IX
649 1609 682 1664 et
705 1598 762 1685 X),
786 1598 843 1663 sed
867 1600 965 1665 etiam
989 1599 1084 1664 Petro
1108 1599 1287 1689 Myseovio,
1310 1609 1380 1663 tuni
1402 1599 1496 1687 regni
1517 1622 1574 1687 po-

426 1704 493 1771 loni
517 1704 774 1793 proeaneeilario
797 1706 854 1792 (11,
879 1707 943 1773 108
967 1728 1022 1793 η,
1046 1707 1099 1793 28,
1115 1705 1172 1791 ΙΙ),
1195 1715 1292 1793 atque
1310 1703 1472 1791 Rudiviio,
1495 1705 1573 1773 duoi

427 1814 461 1877 iu
485 1812 580 1877 Birie
602 1822 635 1879 at
656 1811 816 1899 Dubingi,
838 1811 895 1899 qui
912 1813 982 1901 ipso
996 1811 1059 1879 boo
1074 1822 1219 1900 tempere
1235 1812 1397 1899 palatinus
1413 1811 1571 1879 viineusis

428 1916 707 2006 eaneellsriusque
730 1917 874 1984 lituanus
897 1918 1004 1983 faetus
1031 1928 1081 1984 est
1103 1916 1262 2007 pauloque
1292 1926 1367 1983 ante
1397 1916 1473 1983 fidei
1505 1916 1573 1984 eai-

428 2022 558 2089 vinieee
581 2046 616 2089 se
638 2022 811 2090 addixerat
833 2023 891 2110 (ΙΙ,
915 2025 979 2089 193
1003 2030 1071 2110 sq.)‚
1095 2033 1131 2090 ut
1153 2046 1189 2089 se
1211 2025 1282 2111 regi
1297 2022 1573 2110 commendarent,

425 2126 586 2217 Roynium
610 2127 763 2216 preeibus
786 2128 943 2194 institisse
966 2130 1174 2215 perspienum
1189 2138 1248 2195 est.
1271 2129 1414 2193 Aetam
1437 2128 1569 2216 quidem
1623 2194 1628 2205 ,

427 2244 563 2303 uenatus
586 2233 635 2301 iili
658 2234 747 2301 haud
770 2246 864 2302 erant
885 2236 979 2302 irriti.
1003 2237 1100 2301 Anno
1123 2236 1210 2301 enirn
1236 2236 1323 2302 1566
1344 2243 1492 2321 exeunte,
1515 2243 1574 2300 aut

427 2342 560 2408 ineunte
584 2344 669 2409 1567
693 2342 837 2433 Royaius
861 2340 1159 2433 archipresbyteris
1181 2340 1239 2407 iila
1260 2342 1381 2431 potitus
1404 2351 1463 2429 est,
1494 2341 1572 2408 fuit-

425 2472 489 2537 qne
511 2448 593 2515 illud
617 2449 680 2537 ipsi
703 2450 831 2515 initinrn
856 2450 896 2515 nd
922 2448 1096 2539 ampliores
1119 2448 1289 2537 dignitatis
1311 2448 1435 2537 gradus
1451 2447 1570 2517 Vilnue

426 2556 634 2623 ascendendi.
657 2556 789 2622 Etenim
811 2557 878 2622 ium
901 2557 1027 2623 ootobri
1050 2579 1078 2621 a.
1103 2558 1188 2623 lost
1214 2556 1391 2621 canonieus
1412 2554 1569 2622 vilueusis

425 2663 460 2729 in
483 2662 591 2729 loeum
621 2674 695 2752 post
718 2662 904 2729 Virbieium
934 2664 1123 2751 episeopum
1154 2662 1397 2729 mednioensem
1424 2671 1569 2728 ereetum

419 2770 593 2837 etiamtum
617 2792 759 2837 vanuum
783 2771 942 2837 sueeessit
972 2780 1004 2837 et
1035 2781 1175 2859 augusto
1204 2792 1233 2836 a.
1258 2770 1345 2836 1569
1376 2777 1485 2837 eustos
1516 2790 1571 2835 ea·

424 2876 584 2944 thedrulis
599 2876 758 2944 viluensis
774 2878 896 2945 electus
912 2889 969 2945 est.
989 2878 1149 2945 Decrevit
1162 2876 1214 2944 bis
1229 2875 1428 2965 temporibus
1444 2876 1572 2965 eapitu-

424 2982 491 3050 lnm
518 2984 676 3073 uilnense²
707 2996 742 3051 ut
772 2984 877 3052 solum
901 2987 1049 3053 annoniei
1072 2984 1224 3052 omnibus
1247 2985 1351 3051 saeris
1375 2984 1492 3049 initiati
1517 2984 1568 3049 in·

424 3103 516 3179 tegro
539 3095 590 3159 sui
614 3094 759 3160 muneris
781 3093 899 3178 reditu,
922 3093 1051 3159 diaeoni
1076 3092 1221 3177 dimidio7
1244 3091 1436 3160 subdianoni
1451 3101 1568 3179 quarta

424 3198 572 3263 eiusdem
594 3209 687 3285 parte
710 3198 905 3283 fruerentur,
929 3198 1041 3265 oleriei
1065 3221 1144 3264 vero
1166 3199 1255 3263 omni
1277 3198 1388 3264 sruotu
1411 3208 1569 3263 carerent

424 3302 489 3371 Sed
512 3302 645 3393 Roynio,
668 3325 865 3391 quemqnam
887 3302 1036 3389 disoeno,
1066 3304 1193 3390 integer
1216 3301 1341 3369 reditus
1363 3302 1497 3370 relietus
1519 3311 1570 3369 est

423 3430 463 3475 ea
486 3406 686 3495 eondioione7
711 3420 746 3475 nt
769 3432 826 3498 pro
849 3407 976 3475 viribus
999 3410 1073 3475 iura
1095 3409 1244 3497 bonaque
1263 3408 1398 3495 eapituli
1414 3418 1570 3475 tueretur.

423 3514 712 3607 Arobipresbyteri
747 3514 788 3582 ad
824 3516 874 3583 sti.
907 3517 1042 3583 Ioannis
1078 3517 1210 3583 nomine
1246 3514 1389 3605 praefuit
1425 3512 1570 3604 Royuius

425 3622 555 3691 subolae
578 3647 654 3689 eum
678 3623 735 3690 ilia
757 3624 897 3692 ecelesia
920 3624 1122 3711 romanatos,
1145 3646 1243 3713 quam
1266 3633 1337 3689 arte
1356 3620 1571 3711 diligentique

425 3754 505 3799 eura
527 3733 575 3799 ita
597 3755 775 3799 exornasse
797 3732 1044 3823 exsoluisseque
1072 3733 1186 3819 fertur,
1216 3742 1253 3797 ut
1281 3731 1470 3797 aeademioe
1501 3730 1570 3797 fere

425 3841 566 3928 speeiem
589 3864 669 3929 prae
691 3864 727 3907 so
750 3840 858 3909 ferret
881 3842 938 3907 Ius
960 3863 1132 3908 romanum
1155 3838 1380 3928 lituauumque
1398 3839 1433 3904 iu
1448 3861 1488 3904 eu
1502 3848 1570 3905 tra·

426 3944 528 4011 ditum
553 3970 626 4013 esse
648 3948 821 4036 ipsumque
844 3947 1005 4036 Rnynium
1028 3947 1176 4014 doeendo
1198 3946 1264 4011 iuri
1286 3966 1421 4012 romano
1437 3944 1570 4018 litteris·

423 4074 488 4140 que
509 4054 638 4141 greeeis
661 4054 696 4119 in
719 4052 834 4119 eadem
857 4076 989 4141 operam
1011 4075 1151 4119 navasse
1175 4062 1438 4118 commemorant

532 4160 595 4225 His
626 4158 672 4225 ita
701 4159 896 4248 eomparatis
927 4181 1027 4225 unum
1060 4158 1181 4246 obfuit,
1217 4158 1390 4247 quominus
1424 4156 1568 4248 Royuius

425 4264 557 4333 fortuna
579 4288 640 4333 sua
662 4266 749 4333 omni
773 4289 815 4334 ex
838 4277 930 4356 parte
956 4267 1101 4354 gaudere
1130 4276 1251 4356 posset:
1281 4264 1479 4353 stipendium
1510 4288 1570 4331 nn·

424 4397 543 4461 nuum,
572 4374 661 4463 regis
684 4375 870 4442 eonsiliario
892 4375 1056 4462 debitum,
1083 4374 1168 4441 solvi
1191 4374 1221 4441 ei
1244 4373 1385 4441 desitum
1408 4382 1457 4439 est
1480 4374 1570 4441 eirea

424 4504 453 4548 e.
478 4484 574 4549 1567.
596 4482 693 4565 Quod
715 4505 782 4571 qua
803 4483 930 4550 ratione
953 4482 1079 4549 foetum
1095 4483 1151 4568 sit,
1174 4504 1239 4547 non
1254 4480 1334 4547 satis
1349 4478 1460 4568 liquet.
1481 4480 1572 4571 Roy-

423 4588 494 4654 nius
516 4587 651 4677 quidem
673 4588 841 4656 eontendit
863 4612 929 4655 non
951 4588 1095 4656 ablatam
1118 4587 1182 4655 sibi
1204 4608 1276 4655 esse
1290 4585 1489 4675 pensionem,
1511 4585 1570 4653 sed

424 4694 616 4762 translatum
639 4718 660 4761 u
681 4695 796 4761 sulinis
819 4694 1064 4763 vielieiensibus
1088 4695 1131 4761 ad
1154 4694 1319 4761 aerarium
1339 4693 1483 4780 regium,
1513 4715 1570 4781 pe·

420 4802 524 4891 titque
549 4825 570 4868 a
591 4824 678 4889 rege7
702 4813 738 4869 ut
760 4804 822 4891 ipsi
846 4826 918 4869 eam
941 4802 1175 4889 assignandam
1198 4801 1375 4866 dooernere
1394 4788 1485 4887 uelit,
1507 4800 1570 4866 ali·

1406 4924 1463 4973 ΙΙΙ·
