<?xml version="1.0" encoding="UTF-8"?>
<!DOCTYPE html PUBLIC "-//W3C//DTD XHTML 1.0 Transitional//EN"
    "http://www.w3.org/TR/xhtml1/DTD/xhtml1-transitional.dtd">
<html xmlns="http://www.w3.org/1999/xhtml" xml:lang="en" lang="en">
 <head>
  <title>
</title>
<meta http-equiv="Content-Type" content="text/html;charset=utf-8" />
  <meta name='ocr-system' content='tesseract 3.04.00' />
  <meta name='ocr-capabilities' content='ocr_page ocr_carea ocr_par ocr_line ocrx_word'/>
</head>
<body>
  <div class='ocr_page' id='page_1' title='image "./petriroyziimaur00morogoog_0214.png"; bbox 0 0 4109 5767; ppageno 0'>
   <div class='ocr_carea' id='block_1_1' title="bbox 637 740 1303 810">
    <p class='ocr_par' dir='ltr' id='par_1_1' title="bbox 637 740 1303 810">
     <span class='ocr_line' id='line_1_1' title="bbox 637 740 1303 810; baseline -0.002 0"><span class='ocrx_word' id='word_1_1' title='bbox 637 740 682 810; x_wconf 89' lang='lat' dir='ltr'>ss</span> <span class='ocrx_word' id='word_1_2' title='bbox 1118 752 1303 792; x_wconf 72' lang='lat' dir='ltr'>mmouu</span> 
     </span>
    </p>
   </div>
   <div class='ocr_carea' id='block_1_2' title="bbox 640 828 1787 855">
    <p class='ocr_par' dir='ltr' id='par_1_2' title="bbox 640 828 1787 855">
     <span class='ocr_line' id='line_1_2' title="bbox 640 828 1787 843; baseline 0.003 -6"><span class='ocrx_word' id='word_1_3' title='bbox 640 828 711 837; x_wconf 72' lang='lat' dir='ltr'>..n-n·-</span> <span class='ocrx_word' id='word_1_4' title='bbox 1681 830 1787 843; x_wconf 70' lang='lat' dir='ltr'>n.-—</span> 
     </span>
     <span class='ocr_line' id='line_1_3' title="bbox 1681 842 1786 855; baseline 0.01 -3"><span class='ocrx_word' id='word_1_5' title='bbox 1681 842 1786 855; x_wconf 62' lang='lat' dir='ltr'>..a-...-</span> 
     </span>
    </p>
   </div>
   <div class='ocr_carea' id='block_1_3' title="bbox 634 946 1713 1477">
    <p class='ocr_par' dir='ltr' id='par_1_3' title="bbox 745 946 1614 1039">
     <span class='ocr_line' id='line_1_4' title="bbox 745 946 1614 1039; baseline 0 -22"><span class='ocrx_word' id='word_1_6' title='bbox 745 952 793 1017; x_wconf 88' lang='lat' dir='ltr'>Di</span> <span class='ocrx_word' id='word_1_7' title='bbox 815 949 876 1017; x_wconf 88' lang='lat' dir='ltr'>tihi</span> <span class='ocrx_word' id='word_1_8' title='bbox 899 946 986 1035; x_wconf 89' lang='lat' dir='ltr'>dent,</span> <span class='ocrx_word' id='word_1_9' title='bbox 1008 947 1075 1033; x_wconf 84' lang='lat' dir='ltr'>fiat,</span> <span class='ocrx_word' id='word_1_10' title='bbox 1097 948 1253 1036; x_wconf 84' lang='lat' dir='ltr'>quicquid</span> <span class='ocrx_word' id='word_1_11' title='bbox 1276 948 1464 1035; x_wconf 87' lang='lat' dir='ltr'>calcaveris,</span> <span class='ocrx_word' id='word_1_12' title='bbox 1487 972 1614 1039; x_wconf 90' lang='lat' dir='ltr'>aurum,</span> 
     </span>
    </p>

    <p class='ocr_par' dir='ltr' id='par_1_4' title="bbox 639 1054 1632 1367">
     <span class='ocr_line' id='line_1_5' title="bbox 639 1054 1632 1149; baseline -0.001 -21"><span class='ocrx_word' id='word_1_13' title='bbox 639 1083 710 1129; x_wconf 81' lang='lat' dir='ltr'>aso.</span> <span class='ocrx_word' id='word_1_14' title='bbox 747 1059 829 1127; x_wconf 85' lang='lat' dir='ltr'>Dux</span> <span class='ocrx_word' id='word_1_15' title='bbox 851 1054 1012 1143; x_wconf 86' lang='lat' dir='ltr'>Radivile,</span> <span class='ocrx_word' id='word_1_16' title='bbox 1034 1054 1159 1145; x_wconf 90' lang='lat' dir='ltr'>tibique</span> <span class='ocrx_word' id='word_1_17' title='bbox 1182 1066 1329 1123; x_wconf 87' lang='lat' dir='ltr'>actutum</span> <span class='ocrx_word' id='word_1_18' title='bbox 1350 1055 1463 1149; x_wconf 91' lang='lat' dir='ltr'>lydius</span> <span class='ocrx_word' id='word_1_19' title='bbox 1487 1056 1632 1127; x_wconf 86' lang='lat' dir='ltr'>Hermus</span> 
     </span>
     <span class='ocr_line' id='line_1_6' title="bbox 745 1162 1528 1255; baseline 0 -21"><span class='ocrx_word' id='word_1_20' title='bbox 745 1165 910 1235; x_wconf 84' lang='lat' dir='ltr'>Auriferis</span> <span class='ocrx_word' id='word_1_21' title='bbox 931 1162 1103 1255; x_wconf 70' lang='lat' dir='ltr'><strong>praedives</strong></span> <span class='ocrx_word' id='word_1_22' title='bbox 1126 1165 1229 1253; x_wconf 86' lang='lat' dir='ltr'>aquis,</span> <span class='ocrx_word' id='word_1_23' title='bbox 1252 1188 1287 1232; x_wconf 87' lang='lat' dir='ltr'>so</span> <span class='ocrx_word' id='word_1_24' title='bbox 1309 1166 1439 1255; x_wconf 77' lang='lat' dir='ltr'>gurgite</span> <span class='ocrx_word' id='word_1_25' title='bbox 1460 1176 1528 1234; x_wconf 91' lang='lat' dir='ltr'>toto</span> 
     </span>
     <span class='ocr_line' id='line_1_7' title="bbox 745 1272 1587 1367; baseline -0.001 -23"><span class='ocrx_word' id='word_1_26' title='bbox 745 1274 914 1363; x_wconf 76' lang='lat' dir='ltr'>Effundat,</span> <span class='ocrx_word' id='word_1_27' title='bbox 937 1272 1110 1363; x_wconf 79' lang='lat' dir='ltr'>fulvusque</span> <span class='ocrx_word' id='word_1_28' title='bbox 1132 1272 1240 1341; x_wconf 84' lang='lat' dir='ltr'>ferens</span> <span class='ocrx_word' id='word_1_29' title='bbox 1262 1274 1416 1342; x_wconf 76' lang='lat' dir='ltr'><strong>Pactolus</strong></span> <span class='ocrx_word' id='word_1_30' title='bbox 1437 1274 1587 1367; x_wconf 76' lang='lat' dir='ltr'>harenas,</span> 
     </span>
    </p>

    <p class='ocr_par' dir='ltr' id='par_1_5' title="bbox 634 1365 1713 1477">
     <span class='ocr_line' id='line_1_8' title="bbox 634 1365 1713 1477; baseline 0.005 -27"><span class='ocrx_word' id='word_1_31' title='bbox 634 1365 641 1378; x_wconf 61' lang='grc'><strong><em>’</em></strong></span> <span class='ocrx_word' id='word_1_32' title='bbox 745 1384 878 1473; x_wconf 80' lang='lat' dir='ltr'>Quique</span> <span class='ocrx_word' id='word_1_33' title='bbox 899 1384 988 1472; x_wconf 88' lang='lat' dir='ltr'>pium</span> <span class='ocrx_word' id='word_1_34' title='bbox 1011 1380 1204 1471; x_wconf 74' lang='lat' dir='ltr'><strong>Hesperiam</strong></span> <span class='ocrx_word' id='word_1_35' title='bbox 1227 1382 1329 1451; x_wconf 89' lang='lat' dir='ltr'>multo</span> <span class='ocrx_word' id='word_1_36' title='bbox 1351 1384 1462 1473; x_wconf 82' lang='lat' dir='ltr'>Tugns</span> <span class='ocrx_word' id='word_1_37' title='bbox 1485 1386 1600 1475; x_wconf 78' lang='lat' dir='ltr'>irrigat</span> <span class='ocrx_word' id='word_1_38' title='bbox 1623 1411 1713 1477; x_wconf 73' lang='lat' dir='ltr'>surr»,</span> 
     </span>
    </p>
   </div>
   <div class='ocr_carea' id='block_1_4' title="bbox 639 1489 1785 4289">
    <p class='ocr_par' dir='ltr' id='par_1_6' title="bbox 745 1489 1730 1587">
     <span class='ocr_line' id='line_1_9' title="bbox 745 1489 1730 1587; baseline 0.004 -28"><span class='ocrx_word' id='word_1_39' title='bbox 745 1493 790 1559; x_wconf 78' lang='lat' dir='ltr'>Et</span> <span class='ocrx_word' id='word_1_40' title='bbox 811 1514 896 1580; x_wconf 85' lang='lat' dir='ltr'>quse</span> <span class='ocrx_word' id='word_1_41' title='bbox 918 1491 1019 1557; x_wconf 87' lang='lat' dir='ltr'>Indos</span> <span class='ocrx_word' id='word_1_42' title='bbox 1041 1489 1244 1578; x_wconf 74' lang='lat' dir='ltr'>Parthosque</span> <span class='ocrx_word' id='word_1_43' title='bbox 1265 1490 1341 1559; x_wconf 85' lang='lat' dir='ltr'>hest</span> <span class='ocrx_word' id='word_1_44' title='bbox 1363 1493 1447 1559; x_wconf 84' lang='lat' dir='ltr'>vesti</span> <span class='ocrx_word' id='word_1_45' title='bbox 1470 1514 1571 1561; x_wconf 86' lang='lat' dir='ltr'>sures</span> <span class='ocrx_word' id='word_1_46' title='bbox 1592 1495 1730 1587; x_wconf 81' lang='lat' dir='ltr'>lympha</span> 
     </span>
    </p>

    <p class='ocr_par' dir='ltr' id='par_1_7' title="bbox 640 1596 1579 1793">
     <span class='ocr_line' id='line_1_10' title="bbox 640 1596 1579 1689; baseline 0 -23"><span class='ocrx_word' id='word_1_47' title='bbox 640 1620 712 1667; x_wconf 84' lang='lat' dir='ltr'>ass.</span> <span class='ocrx_word' id='word_1_48' title='bbox 746 1597 923 1664; x_wconf 86' lang='lat' dir='ltr'>Admixtss</span> <span class='ocrx_word' id='word_1_49' title='bbox 945 1618 1025 1663; x_wconf 83' lang='lat' dir='ltr'>suro</span> <span class='ocrx_word' id='word_1_50' title='bbox 1047 1617 1194 1683; x_wconf 82' lang='lat' dir='ltr'>gemmus</span> <span class='ocrx_word' id='word_1_51' title='bbox 1216 1596 1377 1665; x_wconf 82' lang='lat' dir='ltr'>volventis</span> <span class='ocrx_word' id='word_1_52' title='bbox 1401 1596 1579 1689; x_wconf 81' lang='lat' dir='ltr'>Hydaspis</span> 
     </span>
     <span class='ocr_line' id='line_1_11' title="bbox 745 1704 1419 1793; baseline 0 -22"><span class='ocrx_word' id='word_1_53' title='bbox 745 1704 847 1771; x_wconf 90' lang='lat' dir='ltr'>Heroi</span> <span class='ocrx_word' id='word_1_54' title='bbox 869 1726 931 1770; x_wconf 91' lang='lat' dir='ltr'>cur</span> <span class='ocrx_word' id='word_1_55' title='bbox 952 1725 1018 1770; x_wconf 92' lang='lat' dir='ltr'>non</span> <span class='ocrx_word' id='word_1_56' title='bbox 1041 1711 1188 1793; x_wconf 90' lang='lat' dir='ltr'>optemus</span> <span class='ocrx_word' id='word_1_57' title='bbox 1210 1704 1290 1770; x_wconf 84' lang='lat' dir='ltr'>talis</span> <span class='ocrx_word' id='word_1_58' title='bbox 1311 1704 1419 1771; x_wconf 81' lang='lat' dir='ltr'>teuto?</span> 
     </span>
    </p>

    <p class='ocr_par' dir='ltr' id='par_1_8' title="bbox 833 1810 1784 1907">
     <span class='ocr_line' id='line_1_12' title="bbox 833 1810 1784 1907; baseline 0.008 -28"><span class='ocrx_word' id='word_1_59' title='bbox 833 1812 874 1879; x_wconf 90' lang='lat' dir='ltr'>Iu</span> <span class='ocrx_word' id='word_1_60' title='bbox 897 1821 955 1879; x_wconf 85' lang='lat' dir='ltr'>tue</span> <span class='ocrx_word' id='word_1_61' title='bbox 976 1819 1145 1901; x_wconf 88' lang='lat' dir='ltr'>promptus</span> <span class='ocrx_word' id='word_1_62' title='bbox 1168 1810 1269 1900; x_wconf 75' lang='lat' dir='ltr'>adest,</span> <span class='ocrx_word' id='word_1_63' title='bbox 1299 1810 1515 1901; x_wconf 72' lang='lat' dir='ltr'>Trebuchovi,</span> <span class='ocrx_word' id='word_1_64' title='bbox 1536 1815 1660 1902; x_wconf 72' lang='lat' dir='ltr'>gsuffie</span> <span class='ocrx_word' id='word_1_65' title='bbox 1682 1842 1784 1907; x_wconf 79' lang='lat' dir='ltr'>gazae</span> 
     </span>
    </p>

    <p class='ocr_par' dir='ltr' id='par_1_9' title="bbox 742 1914 1621 2119">
     <span class='ocr_line' id='line_1_13' title="bbox 742 1914 1621 2008; baseline 0.001 -21"><span class='ocrx_word' id='word_1_66' title='bbox 742 1918 839 1987; x_wconf 87' lang='lat' dir='ltr'>Ultro</span> <span class='ocrx_word' id='word_1_67' title='bbox 861 1916 1018 2008; x_wconf 81' lang='lat' dir='ltr'>quioquid</span> <span class='ocrx_word' id='word_1_68' title='bbox 1041 1914 1140 1984; x_wconf 85' lang='lat' dir='ltr'>habet</span> <span class='ocrx_word' id='word_1_69' title='bbox 1162 1916 1255 2005; x_wconf 81' lang='lat' dir='ltr'>large</span> <span class='ocrx_word' id='word_1_70' title='bbox 1276 1918 1473 2008; x_wconf 77' lang='lat' dir='ltr'>profundere</span> <span class='ocrx_word' id='word_1_71' title='bbox 1496 1919 1621 1990; x_wconf 83' lang='lat' dir='ltr'>dextra</span> 
     </span>
     <span class='ocr_line' id='line_1_14' title="bbox 746 2024 1607 2119; baseline 0.008 -28"><span class='ocrx_word' id='word_1_72' title='bbox 746 2026 836 2109; x_wconf 70' lang='lat' dir='ltr'>Quid</span> <span class='ocrx_word' id='word_1_73' title='bbox 859 2026 982 2117; x_wconf 50' lang='lat' dir='ltr'>muse?</span> <span class='ocrx_word' id='word_1_74' title='bbox 1004 2024 1095 2093; x_wconf 93' lang='lat' dir='ltr'>dulci</span> <span class='ocrx_word' id='word_1_75' title='bbox 1119 2047 1184 2092; x_wconf 88' lang='lat' dir='ltr'>non</span> <span class='ocrx_word' id='word_1_76' title='bbox 1207 2050 1340 2117; x_wconf 78' lang='lat' dir='ltr'>parcere</span> <span class='ocrx_word' id='word_1_77' title='bbox 1362 2029 1486 2119; x_wconf 81' lang='lat' dir='ltr'>etipse</span> <span class='ocrx_word' id='word_1_78' title='bbox 1509 2030 1607 2098; x_wconf 85' lang='lat' dir='ltr'>soluti</span> 
     </span>
    </p>

    <p class='ocr_par' dir='ltr' id='par_1_10' title="bbox 639 2133 1652 2663">
     <span class='ocr_line' id='line_1_15' title="bbox 639 2133 1537 2229; baseline 0 -23"><span class='ocrx_word' id='word_1_79' title='bbox 639 2161 711 2207; x_wconf 82' lang='lat' dir='ltr'>aso.</span> <span class='ocrx_word' id='word_1_80' title='bbox 746 2136 901 2226; x_wconf 76' lang='lat' dir='ltr'>Sustinet,</span> <span class='ocrx_word' id='word_1_81' title='bbox 924 2135 987 2205; x_wconf 88' lang='lat' dir='ltr'>hoc</span> <span class='ocrx_word' id='word_1_82' title='bbox 1008 2133 1119 2203; x_wconf 86' lang='lat' dir='ltr'>verbis</span> <span class='ocrx_word' id='word_1_83' title='bbox 1142 2134 1227 2203; x_wconf 92' lang='lat' dir='ltr'>ultro</span> <span class='ocrx_word' id='word_1_84' title='bbox 1249 2146 1386 2205; x_wconf 77' lang='lat' dir='ltr'>testatus</span> <span class='ocrx_word' id='word_1_85' title='bbox 1407 2140 1537 2229; x_wconf 81' lang='lat' dir='ltr'>apertis</span> 
     </span>
     <span class='ocr_line' id='line_1_16' title="bbox 743 2244 1652 2338; baseline -0.001 -20"><span class='ocrx_word' id='word_1_86' title='bbox 743 2248 829 2318; x_wconf 78' lang='lat' dir='ltr'>cam</span> <span class='ocrx_word' id='word_1_87' title='bbox 850 2246 997 2338; x_wconf 82' lang='lat' dir='ltr'>proferre</span> <span class='ocrx_word' id='word_1_88' title='bbox 1018 2245 1106 2313; x_wconf 89' lang='lat' dir='ltr'>diem</span> <span class='ocrx_word' id='word_1_89' title='bbox 1129 2244 1244 2313; x_wconf 87' lang='lat' dir='ltr'>tsedae</span> <span class='ocrx_word' id='word_1_90' title='bbox 1271 2246 1435 2335; x_wconf 76' lang='lat' dir='ltr'>suadetur,</span> <span class='ocrx_word' id='word_1_91' title='bbox 1459 2256 1495 2314; x_wconf 91' lang='lat' dir='ltr'>ut</span> <span class='ocrx_word' id='word_1_92' title='bbox 1517 2270 1652 2338; x_wconf 82' lang='lat' dir='ltr'>aegrum</span> 
     </span>
     <span class='ocr_line' id='line_1_17' title="bbox 745 2351 1612 2445; baseline -0.003 -19"><span class='ocrx_word' id='word_1_93' title='bbox 745 2356 922 2426; x_wconf 78' lang='lat' dir='ltr'>confirmet</span> <span class='ocrx_word' id='word_1_94' title='bbox 943 2351 1130 2444; x_wconf 78' lang='lat' dir='ltr'>morbisque</span> <span class='ocrx_word' id='word_1_95' title='bbox 1153 2352 1313 2421; x_wconf 87' lang='lat' dir='ltr'>afflictum</span> <span class='ocrx_word' id='word_1_96' title='bbox 1335 2376 1453 2444; x_wconf 90' lang='lat' dir='ltr'>corpus</span> <span class='ocrx_word' id='word_1_97' title='bbox 1476 2356 1612 2445; x_wconf 77' lang='lat' dir='ltr'>acerbis,</span> 
     </span>
     <span class='ocr_line' id='line_1_18' title="bbox 745 2461 1571 2554; baseline -0.001 -22"><span class='ocrx_word' id='word_1_98' title='bbox 745 2465 851 2533; x_wconf 83' lang='lat' dir='ltr'>Heres</span> <span class='ocrx_word' id='word_1_99' title='bbox 872 2464 1065 2533; x_wconf 79' lang='lat' dir='ltr'>Nestoream</span> <span class='ocrx_word' id='word_1_100' title='bbox 1088 2461 1209 2551; x_wconf 82' lang='lat' dir='ltr'>dignus</span> <span class='ocrx_word' id='word_1_101' title='bbox 1231 2485 1385 2554; x_wconf 83' lang='lat' dir='ltr'>superare</span> <span class='ocrx_word' id='word_1_102' title='bbox 1407 2474 1571 2531; x_wconf 78' lang='lat' dir='ltr'>senectam</span> 
     </span>
     <span class='ocr_line' id='line_1_19' title="bbox 744 2569 1539 2663; baseline -0.001 -21"><span class='ocrx_word' id='word_1_103' title='bbox 744 2575 925 2663; x_wconf 75' lang='lat' dir='ltr'>longeque</span> <span class='ocrx_word' id='word_1_104' title='bbox 945 2570 1079 2639; x_wconf 81' lang='lat' dir='ltr'>&#39;Pithoni</span> <span class='ocrx_word' id='word_1_105' title='bbox 1103 2569 1244 2639; x_wconf 84' lang='lat' dir='ltr'>vivendo</span> <span class='ocrx_word' id='word_1_106' title='bbox 1267 2572 1398 2641; x_wconf 87' lang='lat' dir='ltr'>vincere</span> <span class='ocrx_word' id='word_1_107' title='bbox 1422 2574 1539 2663; x_wconf 68' lang='lat' dir='ltr'>necle,</span> 
     </span>
    </p>

    <p class='ocr_par' dir='ltr' id='par_1_11' title="bbox 640 2680 1748 3202">
     <span class='ocr_line' id='line_1_20' title="bbox 640 2680 1748 2775; baseline 0 -23"><span class='ocrx_word' id='word_1_108' title='bbox 640 2706 711 2753; x_wconf 83' lang='lat' dir='ltr'>ass.</span> <span class='ocrx_word' id='word_1_109' title='bbox 749 2682 844 2773; x_wconf 84' lang='lat' dir='ltr'>,Non</span> <span class='ocrx_word' id='word_1_110' title='bbox 866 2680 980 2769; x_wconf 81' lang='lat' dir='ltr'>mihi“,</span> <span class='ocrx_word' id='word_1_111' title='bbox 1002 2680 1096 2769; x_wconf 83' lang='lat' dir='ltr'>dixit,</span> <span class='ocrx_word' id='word_1_112' title='bbox 1122 2680 1203 2771; x_wconf 83' lang='lat' dir='ltr'>,erit</span> <span class='ocrx_word' id='word_1_113' title='bbox 1226 2682 1254 2748; x_wconf 93' lang='lat' dir='ltr'>si</span> <span class='ocrx_word' id='word_1_114' title='bbox 1276 2704 1363 2747; x_wconf 89' lang='lat' dir='ltr'>mors</span> <span class='ocrx_word' id='word_1_115' title='bbox 1386 2682 1589 2773; x_wconf 82' lang='lat' dir='ltr'>properando</span> <span class='ocrx_word' id='word_1_116' title='bbox 1612 2683 1748 2775; x_wconf 86' lang='lat' dir='ltr'>diesque</span> 
     </span>
     <span class='ocr_line' id='line_1_21' title="bbox 744 2788 1615 2881; baseline -0.002 -22"><span class='ocrx_word' id='word_1_117' title='bbox 744 2790 891 2859; x_wconf 88' lang='lat' dir='ltr'>Ultimus</span> <span class='ocrx_word' id='word_1_118' title='bbox 913 2799 946 2858; x_wconf 90' lang='lat' dir='ltr'>et</span> <span class='ocrx_word' id='word_1_119' title='bbox 969 2788 1156 2881; x_wconf 85' lang='lat' dir='ltr'>quicunque</span> <span class='ocrx_word' id='word_1_120' title='bbox 1179 2790 1242 2855; x_wconf 89' lang='lat' dir='ltr'>mei</span> <span class='ocrx_word' id='word_1_121' title='bbox 1265 2800 1329 2857; x_wconf 81' lang='lat' dir='ltr'>stat</span> <span class='ocrx_word' id='word_1_122' title='bbox 1351 2792 1509 2858; x_wconf 88' lang='lat' dir='ltr'>terminus</span> <span class='ocrx_word' id='word_1_123' title='bbox 1532 2792 1615 2880; x_wconf 86' lang='lat' dir='ltr'>oevi,</span> 
     </span>
     <span class='ocr_line' id='line_1_22' title="bbox 744 2898 1557 2989; baseline -0.004 -19"><span class='ocrx_word' id='word_1_124' title='bbox 744 2900 914 2970; x_wconf 83' lang='lat' dir='ltr'>Ahsistam</span> <span class='ocrx_word' id='word_1_125' title='bbox 936 2900 1060 2988; x_wconf 88' lang='lat' dir='ltr'>coeptis</span> <span class='ocrx_word' id='word_1_126' title='bbox 1083 2898 1183 2965; x_wconf 86' lang='lat' dir='ltr'>ullam</span> <span class='ocrx_word' id='word_1_127' title='bbox 1206 2900 1353 2987; x_wconf 84' lang='lat' dir='ltr'>pstisrve</span> <span class='ocrx_word' id='word_1_128' title='bbox 1373 2899 1557 2989; x_wconf 85' lang='lat' dir='ltr'>hymenaeo</span> 
     </span>
     <span class='ocr_line' id='line_1_23' title="bbox 746 3005 1639 3091; baseline 0 -16"><span class='ocrx_word' id='word_1_129' title='bbox 746 3010 829 3075; x_wconf 80' lang='lat' dir='ltr'>Esse</span> <span class='ocrx_word' id='word_1_130' title='bbox 852 3028 990 3091; x_wconf 77' lang='lat' dir='ltr'>morsm3</span> <span class='ocrx_word' id='word_1_131' title='bbox 1012 3027 1078 3073; x_wconf 93' lang='lat' dir='ltr'>non</span> <span class='ocrx_word' id='word_1_132' title='bbox 1102 3006 1150 3073; x_wconf 92' lang='lat' dir='ltr'>sic</span> <span class='ocrx_word' id='word_1_133' title='bbox 1172 3015 1299 3071; x_wconf 82' lang='lat' dir='ltr'>veteres</span> <span class='ocrx_word' id='word_1_134' title='bbox 1321 3005 1494 3073; x_wconf 82' lang='lat' dir='ltr'>Radivilus</span> <span class='ocrx_word' id='word_1_135' title='bbox 1516 3008 1639 3075; x_wconf 88' lang='lat' dir='ltr'>amicos</span> 
     </span>
     <span class='ocr_line' id='line_1_24' title="bbox 745 3111 1581 3202; baseline -0.004 -17"><span class='ocrx_word' id='word_1_136' title='bbox 745 3115 923 3185; x_wconf 82' lang='lat' dir='ltr'>Oonsuevit</span> <span class='ocrx_word' id='word_1_137' title='bbox 945 3111 1052 3180; x_wconf 89' lang='lat' dir='ltr'>colere</span> <span class='ocrx_word' id='word_1_138' title='bbox 1073 3123 1106 3179; x_wconf 91' lang='lat' dir='ltr'>et</span> <span class='ocrx_word' id='word_1_139' title='bbox 1127 3112 1213 3179; x_wconf 87' lang='lat' dir='ltr'>fietis</span> <span class='ocrx_word' id='word_1_140' title='bbox 1237 3134 1272 3179; x_wconf 85' lang='lat' dir='ltr'>se</span> <span class='ocrx_word' id='word_1_141' title='bbox 1293 3114 1429 3202; x_wconf 89' lang='lat' dir='ltr'>prodere</span> <span class='ocrx_word' id='word_1_142' title='bbox 1451 3113 1581 3182; x_wconf 86' lang='lat' dir='ltr'>rebus“.</span> 
     </span>
    </p>

    <p class='ocr_par' dir='ltr' id='par_1_12' title="bbox 640 3219 1730 3753">
     <span class='ocr_line' id='line_1_25' title="bbox 640 3219 1630 3314; baseline -0.003 -21"><span class='ocrx_word' id='word_1_143' title='bbox 640 3248 712 3294; x_wconf 86' lang='lat' dir='ltr'>aso.</span> <span class='ocrx_word' id='word_1_144' title='bbox 746 3222 876 3314; x_wconf 78' lang='lat' dir='ltr'>ltequid</span> <span class='ocrx_word' id='word_1_145' title='bbox 899 3244 990 3290; x_wconf 83' lang='lat' dir='ltr'>erues</span> <span class='ocrx_word' id='word_1_146' title='bbox 1012 3220 1127 3287; x_wconf 85' lang='lat' dir='ltr'>uliud?</span> <span class='ocrx_word' id='word_1_147' title='bbox 1149 3219 1228 3311; x_wconf 92' lang='lat' dir='ltr'>quid</span> <span class='ocrx_word' id='word_1_148' title='bbox 1252 3230 1318 3287; x_wconf 93' lang='lat' dir='ltr'>toto</span> <span class='ocrx_word' id='word_1_149' title='bbox 1341 3232 1470 3311; x_wconf 91' lang='lat' dir='ltr'>pectore</span> <span class='ocrx_word' id='word_1_150' title='bbox 1491 3223 1630 3313; x_wconf 83' lang='lat' dir='ltr'>posces?</span> 
     </span>
     <span class='ocr_line' id='line_1_26' title="bbox 746 3327 1628 3418; baseline -0.001 -21"><span class='ocrx_word' id='word_1_151' title='bbox 746 3329 876 3412; x_wconf 79' lang='lat' dir='ltr'>Quidve</span> <span class='ocrx_word' id='word_1_152' title='bbox 898 3328 989 3395; x_wconf 86' lang='lat' dir='ltr'>uliud</span> <span class='ocrx_word' id='word_1_153' title='bbox 1012 3330 1119 3395; x_wconf 81' lang='lat' dir='ltr'>maius</span> <span class='ocrx_word' id='word_1_154' title='bbox 1141 3328 1243 3418; x_wconf 88' lang='lat' dir='ltr'>possit</span> <span class='ocrx_word' id='word_1_155' title='bbox 1265 3327 1325 3396; x_wconf 93' lang='lat' dir='ltr'>tihi</span> <span class='ocrx_word' id='word_1_156' title='bbox 1348 3330 1512 3396; x_wconf 84' lang='lat' dir='ltr'>maximus</span> <span class='ocrx_word' id='word_1_157' title='bbox 1534 3329 1628 3397; x_wconf 89' lang='lat' dir='ltr'>heros</span> 
     </span>
     <span class='ocr_line' id='line_1_27' title="bbox 745 3436 1616 3529; baseline 0 -20"><span class='ocrx_word' id='word_1_158' title='bbox 745 3440 938 3509; x_wconf 70' lang='lat' dir='ltr'>Praestare?</span> <span class='ocrx_word' id='word_1_159' title='bbox 960 3462 1002 3507; x_wconf 82' lang='lat' dir='ltr'>ua</span> <span class='ocrx_word' id='word_1_160' title='bbox 1025 3460 1116 3527; x_wconf 77' lang='lat' dir='ltr'>gunt,</span> <span class='ocrx_word' id='word_1_161' title='bbox 1139 3438 1166 3505; x_wconf 87' lang='lat' dir='ltr'>si</span> <span class='ocrx_word' id='word_1_162' title='bbox 1191 3436 1340 3507; x_wconf 72' lang='lat' dir='ltr'>Surruuuu</span> <span class='ocrx_word' id='word_1_163' title='bbox 1363 3440 1506 3529; x_wconf 80' lang='lat' dir='ltr'>proferat</span> <span class='ocrx_word' id='word_1_164' title='bbox 1528 3442 1616 3509; x_wconf 87' lang='lat' dir='ltr'>omni</span> 
     </span>
     <span class='ocr_line' id='line_1_28' title="bbox 744 3548 1730 3641; baseline 0 -22"><span class='ocrx_word' id='word_1_165' title='bbox 744 3550 963 3639; x_wconf 75' lang='lat' dir='ltr'>Tlsensauros,</span> <span class='ocrx_word' id='word_1_166' title='bbox 986 3572 1051 3617; x_wconf 87' lang='lat' dir='ltr'>non</span> <span class='ocrx_word' id='word_1_167' title='bbox 1075 3548 1170 3640; x_wconf 89' lang='lat' dir='ltr'>pluru</span> <span class='ocrx_word' id='word_1_168' title='bbox 1191 3559 1298 3641; x_wconf 86' lang='lat' dir='ltr'>queut,</span> <span class='ocrx_word' id='word_1_169' title='bbox 1321 3573 1385 3618; x_wconf 88' lang='lat' dir='ltr'>non</span> <span class='ocrx_word' id='word_1_170' title='bbox 1409 3550 1504 3641; x_wconf 85' lang='lat' dir='ltr'>pluro</span> <span class='ocrx_word' id='word_1_171' title='bbox 1526 3573 1659 3619; x_wconf 87' lang='lat' dir='ltr'>neeesse</span> <span class='ocrx_word' id='word_1_172' title='bbox 1681 3562 1730 3621; x_wconf 83' lang='lat' dir='ltr'>ost</span> 
     </span>
     <span class='ocr_line' id='line_1_29' title="bbox 744 3660 1635 3753; baseline 0 -24"><span class='ocrx_word' id='word_1_173' title='bbox 744 3663 886 3753; x_wconf 80' lang='lat' dir='ltr'>Largiri,</span> <span class='ocrx_word' id='word_1_174' title='bbox 908 3683 970 3729; x_wconf 90' lang='lat' dir='ltr'>nec</span> <span class='ocrx_word' id='word_1_175' title='bbox 992 3683 1085 3728; x_wconf 89' lang='lat' dir='ltr'>mens</span> <span class='ocrx_word' id='word_1_176' title='bbox 1109 3660 1219 3752; x_wconf 83' lang='lat' dir='ltr'>cupiet</span> <span class='ocrx_word' id='word_1_177' title='bbox 1242 3660 1304 3727; x_wconf 87' lang='lat' dir='ltr'>sibi</span> <span class='ocrx_word' id='word_1_178' title='bbox 1327 3660 1431 3751; x_wconf 80' lang='lat' dir='ltr'>plura,</span> <span class='ocrx_word' id='word_1_179' title='bbox 1455 3683 1517 3729; x_wconf 89' lang='lat' dir='ltr'>nec</span> <span class='ocrx_word' id='word_1_180' title='bbox 1539 3672 1635 3752; x_wconf 85' lang='lat' dir='ltr'>optet</span> 
     </span>
    </p>

    <p class='ocr_par' dir='ltr' id='par_1_13' title="bbox 641 3768 1785 4289">
     <span class='ocr_line' id='line_1_30' title="bbox 641 3768 1785 3861; baseline -0.003 -19"><span class='ocrx_word' id='word_1_181' title='bbox 641 3794 712 3842; x_wconf 81' lang='lat' dir='ltr'>sss.</span> <span class='ocrx_word' id='word_1_182' title='bbox 747 3772 836 3840; x_wconf 77' lang='lat' dir='ltr'>Itcce</span> <span class='ocrx_word' id='word_1_183' title='bbox 858 3770 917 3839; x_wconf 89' lang='lat' dir='ltr'>sed</span> <span class='ocrx_word' id='word_1_184' title='bbox 940 3769 982 3837; x_wconf 86' lang='lat' dir='ltr'>ad</span> <span class='ocrx_word' id='word_1_185' title='bbox 1005 3768 1165 3835; x_wconf 87' lang='lat' dir='ltr'>thslsmos</span> <span class='ocrx_word' id='word_1_186' title='bbox 1188 3792 1264 3837; x_wconf 90' lang='lat' dir='ltr'>oum</span> <span class='ocrx_word' id='word_1_187' title='bbox 1287 3779 1421 3837; x_wconf 85' lang='lat' dir='ltr'>ventum</span> <span class='ocrx_word' id='word_1_188' title='bbox 1444 3776 1498 3837; x_wconf 89' lang='lat' dir='ltr'>et¹</span> <span class='ocrx_word' id='word_1_189' title='bbox 1529 3770 1635 3838; x_wconf 84' lang='lat' dir='ltr'>fulcra</span> <span class='ocrx_word' id='word_1_190' title='bbox 1657 3771 1785 3861; x_wconf 87' lang='lat' dir='ltr'>cubilis,</span> 
     </span>
     <span class='ocr_line' id='line_1_31' title="bbox 746 3875 1689 3969; baseline -0.001 -22"><span class='ocrx_word' id='word_1_191' title='bbox 746 3879 841 3947; x_wconf 91' lang='lat' dir='ltr'>Idem</span> <span class='ocrx_word' id='word_1_192' title='bbox 861 3878 958 3946; x_wconf 89' lang='lat' dir='ltr'>heros</span> <span class='ocrx_word' id='word_1_193' title='bbox 980 3875 1155 3944; x_wconf 83' lang='lat' dir='ltr'>Redivilus</span> <span class='ocrx_word' id='word_1_194' title='bbox 1176 3876 1278 3965; x_wconf 84' lang='lat' dir='ltr'>adest,</span> <span class='ocrx_word' id='word_1_195' title='bbox 1301 3876 1443 3967; x_wconf 86' lang='lat' dir='ltr'>hincque</span> <span class='ocrx_word' id='word_1_196' title='bbox 1464 3900 1520 3945; x_wconf 90' lang='lat' dir='ltr'>ore</span> <span class='ocrx_word' id='word_1_197' title='bbox 1542 3878 1689 3969; x_wconf 84' lang='lat' dir='ltr'>profatur</span> 
     </span>
     <span class='ocr_line' id='line_1_32' title="bbox 747 3984 1697 4075; baseline -0.001 -21"><span class='ocrx_word' id='word_1_198' title='bbox 747 3987 915 4075; x_wconf 83' lang='lat' dir='ltr'>Fecundo,</span> <span class='ocrx_word' id='word_1_199' title='bbox 944 3985 1059 4053; x_wconf 86' lang='lat' dir='ltr'>leudes</span> <span class='ocrx_word' id='word_1_200' title='bbox 1081 4007 1219 4074; x_wconf 87' lang='lat' dir='ltr'>sponsae</span> <span class='ocrx_word' id='word_1_201' title='bbox 1242 3998 1273 4053; x_wconf 93' lang='lat' dir='ltr'>ct</span> <span class='ocrx_word' id='word_1_202' title='bbox 1295 3984 1415 4053; x_wconf 87' lang='lat' dir='ltr'>decors</span> <span class='ocrx_word' id='word_1_203' title='bbox 1436 3986 1503 4053; x_wconf 86' lang='lat' dir='ltr'>altu</span> <span class='ocrx_word' id='word_1_204' title='bbox 1525 4010 1697 4054; x_wconf 79' lang='lat' dir='ltr'>resumens</span> 
     </span>
     <span class='ocr_line' id='line_1_33' title="bbox 746 4093 1573 4184; baseline 0 -22"><span class='ocrx_word' id='word_1_205' title='bbox 746 4096 910 4184; x_wconf 80' lang='lat' dir='ltr'>Bogusiee</span> <span class='ocrx_word' id='word_1_206' title='bbox 931 4095 1040 4183; x_wconf 80' lang='lat' dir='ltr'>gentis</span> <span class='ocrx_word' id='word_1_207' title='bbox 1062 4094 1257 4183; x_wconf 88' lang='lat' dir='ltr'>meritosque</span> <span class='ocrx_word' id='word_1_208' title='bbox 1279 4093 1406 4160; x_wconf 83' lang='lat' dir='ltr'>extollit</span> <span class='ocrx_word' id='word_1_209' title='bbox 1427 4093 1573 4162; x_wconf 84' lang='lat' dir='ltr'>honores</span> 
     </span>
     <span class='ocr_line' id='line_1_34' title="bbox 747 4199 1568 4289; baseline -0.001 -20"><span class='ocrx_word' id='word_1_210' title='bbox 747 4204 791 4270; x_wconf 79' lang='lat' dir='ltr'>Et</span> <span class='ocrx_word' id='word_1_211' title='bbox 812 4208 893 4268; x_wconf 76' lang='lat' dir='ltr'>tuu’</span> <span class='ocrx_word' id='word_1_212' title='bbox 915 4202 1076 4268; x_wconf 86' lang='lat' dir='ltr'>maiorum</span> <span class='ocrx_word' id='word_1_213' title='bbox 1099 4199 1220 4289; x_wconf 82' lang='lat' dir='ltr'>gaudet</span> <span class='ocrx_word' id='word_1_214' title='bbox 1242 4200 1413 4268; x_wconf 78' lang='lat' dir='ltr'>Theodora</span> <span class='ocrx_word' id='word_1_215' title='bbox 1435 4224 1568 4269; x_wconf 87' lang='lat' dir='ltr'>suorum</span> 
     </span>
    </p>
   </div>
   <div class='ocr_carea' id='block_1_5' title="bbox 642 4432 1790 4951">
    <p class='ocr_par' dir='ltr' id='par_1_14' title="bbox 750 4432 965 4500">
     <span class='ocr_line' id='line_1_35' title="bbox 750 4432 965 4500; baseline 0.014 -14"><span class='ocrx_word' id='word_1_216' title='bbox 750 4432 857 4487; x_wconf 62' lang='grc' dir='ltr'>ι(ἔοι-ιι.</span> <span class='ocrx_word' id='word_1_217' title='bbox 877 4434 965 4500; x_wconf 66' lang='lat' dir='ltr'>„cett</span> 
     </span>
    </p>

    <p class='ocr_par' dir='ltr' id='par_1_15' title="bbox 642 4520 1790 4951">
     <span class='ocr_line' id='line_1_36' title="bbox 749 4520 1789 4593; baseline 0.002 -18"><span class='ocrx_word' id='word_1_218' title='bbox 749 4520 815 4576; x_wconf 75' lang='lat' dir='ltr'>&#39;Bt</span> <span class='ocrx_word' id='word_1_219' title='bbox 833 4530 882 4576; x_wconf 81' lang='lat' dir='ltr'>tua</span> <span class='ocrx_word' id='word_1_220' title='bbox 903 4523 952 4589; x_wconf 85' lang='lat' dir='ltr'>(se.</span> <span class='ocrx_word' id='word_1_221' title='bbox 971 4520 1152 4587; x_wconf 68' lang='lat' dir='ltr'>lhsbuchovl)</span> <span class='ocrx_word' id='word_1_222' title='bbox 1176 4520 1325 4575; x_wconf 75' lang='lat' dir='ltr'>Theodora.</span> <span class='ocrx_word' id='word_1_223' title='bbox 1354 4522 1406 4575; x_wconf 77' lang='lat' dir='ltr'>Sed</span> <span class='ocrx_word' id='word_1_224' title='bbox 1432 4524 1547 4575; x_wconf 71' lang='lat' dir='ltr'>romu</span> <span class='ocrx_word' id='word_1_225' title='bbox 1574 4530 1682 4593; x_wconf 80' lang='lat' dir='ltr'>prepter</span> <span class='ocrx_word' id='word_1_226' title='bbox 1704 4524 1789 4577; x_wconf 80' lang='lat' dir='ltr'>verbs</span> 
     </span>
     <span class='ocr_line' id='line_1_37' title="bbox 644 4610 1790 4679; baseline 0.001 -15"><span class='ocrx_word' id='word_1_227' title='bbox 644 4627 712 4676; x_wconf 78' lang='lat' dir='ltr'>,nee</span> <span class='ocrx_word' id='word_1_228' title='bbox 735 4628 765 4665; x_wconf 81' lang='lat' dir='ltr'>ss</span> <span class='ocrx_word' id='word_1_229' title='bbox 786 4612 915 4665; x_wconf 73' lang='lat' dir='ltr'>iuterim</span> <span class='ocrx_word' id='word_1_230' title='bbox 933 4612 1073 4664; x_wconf 61' lang='grc' dir='ltr'>Μαίων*</span> <span class='ocrx_word' id='word_1_231' title='bbox 1099 4610 1177 4663; x_wconf 75' lang='lat' dir='ltr'>mults</span> <span class='ocrx_word' id='word_1_232' title='bbox 1197 4610 1237 4663; x_wconf 83' lang='lat' dir='ltr'>tta</span> <span class='ocrx_word' id='word_1_233' title='bbox 1260 4612 1345 4664; x_wconf 80' lang='lat' dir='ltr'>verbs</span> <span class='ocrx_word' id='word_1_234' title='bbox 1362 4611 1487 4679; x_wconf 73' lang='lat' dir='ltr'>longera:</span> <span class='ocrx_word' id='word_1_235' title='bbox 1512 4610 1610 4665; x_wconf 79' lang='lat' dir='ltr'>decora</span> <span class='ocrx_word' id='word_1_236' title='bbox 1628 4612 1790 4679; x_wconf 74' lang='lat' dir='ltr'>meritosque</span> 
     </span>
     <span class='ocr_line' id='line_1_38' title="bbox 642 4698 1788 4769; baseline 0 -16"><span class='ocrx_word' id='word_1_237' title='bbox 642 4700 745 4754; x_wconf 84' lang='lat' dir='ltr'>attollit</span> <span class='ocrx_word' id='word_1_238' title='bbox 767 4700 897 4769; x_wconf 66' lang='lat' dir='ltr'>henou,</span> <span class='ocrx_word' id='word_1_239' title='bbox 926 4706 955 4752; x_wconf 88' lang='lat' dir='ltr'>st</span> <span class='ocrx_word' id='word_1_240' title='bbox 980 4708 1027 4753; x_wconf 81' lang='lat' dir='ltr'>tua</span> <span class='ocrx_word' id='word_1_241' title='bbox 1051 4698 1100 4769; x_wconf 85' lang='lat' dir='ltr'>(sc.</span> <span class='ocrx_word' id='word_1_242' title='bbox 1119 4698 1216 4752; x_wconf 77' lang='lat' dir='ltr'>decora</span> <span class='ocrx_word' id='word_1_243' title='bbox 1241 4698 1429 4768; x_wconf 84' lang='lat' dir='ltr'>honorssqus):</span> <span class='ocrx_word' id='word_1_244' title='bbox 1457 4698 1588 4752; x_wconf 67' lang='lat' dir='ltr'>numerum</span> <span class='ocrx_word' id='word_1_245' title='bbox 1613 4700 1714 4769; x_wconf 67' lang='lat' dir='ltr'>gaudet</span> <span class='ocrx_word' id='word_1_246' title='bbox 1738 4699 1788 4754; x_wconf 82' lang='lat' dir='ltr'>Th.</span> 
     </span>
     <span class='ocr_line' id='line_1_39' title="bbox 642 4788 1789 4861; baseline 0.003 -18"><span class='ocrx_word' id='word_1_247' title='bbox 642 4797 708 4843; x_wconf 74' lang='lat' dir='ltr'>cett.</span> <span class='ocrx_word' id='word_1_248' title='bbox 734 4790 805 4843; x_wconf 78' lang='lat' dir='ltr'>Nam</span> <span class='ocrx_word' id='word_1_249' title='bbox 825 4790 883 4842; x_wconf 84' lang='lat' dir='ltr'>stus</span> <span class='ocrx_word' id='word_1_250' title='bbox 906 4788 979 4841; x_wconf 84' lang='lat' dir='ltr'>medt</span> <span class='ocrx_word' id='word_1_251' title='bbox 1002 4795 1149 4855; x_wconf 75' lang='lat' dir='ltr'>structura,</span> <span class='ocrx_word' id='word_1_252' title='bbox 1176 4802 1339 4861; x_wconf 80' lang='lat' dir='ltr'>quamquam</span> <span class='ocrx_word' id='word_1_253' title='bbox 1362 4788 1462 4857; x_wconf 81' lang='lat' dir='ltr'>durior,</span> <span class='ocrx_word' id='word_1_254' title='bbox 1486 4804 1539 4841; x_wconf 87' lang='lat' dir='ltr'>uon</span> <span class='ocrx_word' id='word_1_255' title='bbox 1567 4788 1635 4845; x_wconf 72' lang='lat' dir='ltr'>udae</span> <span class='ocrx_word' id='word_1_256' title='bbox 1661 4788 1789 4845; x_wconf 79' lang='lat' dir='ltr'>sthorrst</span> 
     </span>
     <span class='ocr_line' id='line_1_40' title="bbox 643 4878 863 4951; baseline 0.014 -21"><span class='ocrx_word' id='word_1_257' title='bbox 643 4878 742 4937; x_wconf 76' lang='lat' dir='ltr'>sstllo</span> <span class='ocrx_word' id='word_1_258' title='bbox 759 4880 863 4951; x_wconf 68' lang='lat' dir='ltr'>noyez.</span> 
     </span>
    </p>
   </div>
   <div class='ocr_carea' id='block_1_6' title="bbox 0 0 2064 5767">
    <p class='ocr_par' dir='ltr' id='par_1_16' title="bbox 0 0 2064 5767">
     <span class='ocr_line' id='line_1_41' title="bbox 0 0 2064 5767; baseline 0 0"><span class='ocrx_word' id='word_1_259' title='bbox 0 0 2064 5767; x_wconf 95' lang='lat' dir='ltr'> </span> 
     </span>
    </p>
   </div>
  </div>
 </body>
</html>
