4109 5767
742 712 849 759 enlm
868 712 929 759 sus.
947 713 975 759 ut
993 713 1073 760 asilu
1092 712 1222 758 ustam.

412 785 514 801 h*—

436 932 483 979 ιο.
514 914 605 981 Ilorti
629 914 743 982 adiens
766 914 884 1001 animo,
906 912 988 980 nihil
1011 914 1247 1002 imperterritus
1270 936 1355 979 unus

518 1021 730 1109 Formidavit,
752 1031 823 1088 eret
845 1022 873 1088 si
895 1020 1102 1088 formidabile
1124 1022 1312 1111 quiequam3

516 1130 602 1196 Ante
621 1128 732 1196 oeulos
754 1128 903 1197 Christus
926 1152 1053 1217 semper
1074 1128 1229 1217 largeque
1250 1124 1403 1221 profusus

515 1236 579 1301 Pro
602 1233 696 1301 nobis
719 1236 854 1322 sanguis
876 1245 908 1301 et
931 1257 1017 1300 mors
1041 1235 1173 1301 infamis
1196 1236 1231 1301 in
1254 1235 1337 1302 alno.

604 1341 744 1425 Amisso,
766 1340 892 1425 infelix,
915 1340 1080 1426 Gamrate,
1103 1338 1261 1426 Sarmata,
1284 1339 1368 1428 luge

435 1468 482 1511 ss.
512 1447 613 1513 Totus
635 1448 670 1512 in
693 1446 764 1532 ime,
787 1445 916 1513 christo
939 1456 975 1511 ut
997 1445 1101 1512 fidens
1123 1446 1278 1535 Patrique
1299 1446 1450 1536 plaeeret,

516 1553 651 1620 Auetori
675 1576 784 1619 rerum
807 1575 946 1635 aumm03
968 1552 1061 1620 labor
1083 1552 1172 1619 illius
1196 1577 1289 1640 unus,

515 1660 563 1726 Ut
584 1660 670 1725 iusta
692 1659 828 1749 populos
851 1660 885 1725 in
909 1659 1065 1748 religione
1087 1670 1218 1727 teneret.

603 1766 744 1851 Amisso,
765 1765 891 1851 infelix,
914 1766 1080 1853 Gamrato,
1103 1766 1261 1852 Sarmata,
1283 1765 1368 1854 luge.

515 1870 660 1936 Abstulit
682 1870 771 1938 hune
793 1872 927 1959 inopina
949 1872 1035 1938 malo
1057 1894 1144 1938 mors
1166 1870 1279 1937 invida
1302 1872 1422 1938 morbo.

433 2000 483 2043 ss.
512 1977 568 2041 Nil
591 1977 737 2045 medieae
760 1977 892 2043 valuere
914 2000 1044 2061 manns3
1067 1978 1114 2043 nil
1137 2000 1212 2044 aere
1236 1976 1372 2045 Sabini¹

515 2083 698 2170 Ingenium,
720 2084 815 2150 titius
837 2084 892 2173 qui
918 2094 1019 2150 mmte
1043 2082 1174 2151 reduxit
1196 2083 1237 2151 ab
1261 2106 1359 2172 aegra

514 2192 577 2258 Tot
599 2191 828 2259 colluctantem
852 2190 982 2279 morbis,
1005 2193 1222 2280 iamiamque
1245 2190 1425 2259 uadentem.

516 2300 600 2389 Heu,
623 2324 698 2368 eum
722 2301 791 2367 fata
812 2310 940 2387 voeent,
964 2301 1086 2367 frustra
1109 2300 1271 2368 rnedieina
1293 2298 1432 2367 laborati

604 2409 743 2494 Amisso,
765 2408 891 2496 infelix,
914 2409 1080 2495 Gumratu,
1103 2408 1260 2494 Smmate,
1283 2406 1367 2496 luge.

433 2538 482 2582 ss.
513 2517 582 2581 Vos
604 2538 706 2605 reges,
729 2538 867 2603 qaorum
890 2515 1026 2603 populos
1049 2518 1168 2603 pietate
1189 2514 1333 2582 verenda

515 2621 654 2707 ltmdiit,
677 2622 800 2688 sanetis
823 2621 1031 2709 praefulgens
1054 2621 1198 2687 moribus
1221 2630 1318 2709 atque

515 2725 675 2815 Exemplo
697 2729 784 2795 vitae
806 2730 937 2816 insigni,
960 2768 1004 2778 -
1028 2751 1127 2816 supra
1149 2729 1258 2794 omnia
1281 2751 1408 2816 semper

515 2834 669 2900 Humana
692 2845 829 2923 ereetus,
852 2876 893 2886 -
917 2835 1044 2901 eaelum
1068 2836 1259 2901 monstravit
1282 2844 1314 2901 et
1336 2844 1432 2923 estre,

515 2941 640 3031 Lugete
662 2944 869 3010 exstinetum.
891 2944 972 3029 Tua,
995 2966 1054 3009 rex
1077 2941 1260 3029 Sismunde,
1284 2952 1414 3010 senecta

433 3072 481 3117 su.
513 3050 638 3119 Sentiat
660 3052 781 3119 emissa
802 3061 967 3119 extremae
989 3050 1112 3118 selaeiu
1134 3053 1228 3118 vitae.

514 3158 657 3248 Tempus
680 3160 740 3226 erit
762 3159 935 3249 quondam,
957 3158 1017 3226 tibi
1040 3182 1116 3226 eum
1139 3158 1273 3247 lugebis
1289 3159 1485 3249 ademptum,

514 3264 585 3331 Rex
610 3266 767 3355 Auguste.
789 3266 895 3333 Nimis
918 3267 1126 3354 surgentibus
1149 3266 1239 3333 utilis
1262 3267 1357 3333 annis

515 3370 577 3438 Ille
600 3374 670 3459 fuit,
693 3373 758 3462 qui,
781 3374 925 3440 eonsiliis
947 3372 1186 3463 pulcherrimus
1209 3382 1330 3459 auctor,

514 3478 665 3545 Rexisset
686 3489 795 3547 teeum
817 3479 953 3567 populos
976 3491 1008 3546 et
1031 3482 1121 3567 regia
1143 3490 1278 3569 seeptra.

433 3605 482 3649 ss.
600 3584 741 3671 Amisso,
764 3585 890 3670 infelix,
913 3586 1078 3671 Ganrrato,
1102 3584 1259 3671 Sarmata,
1282 3584 1367 3674 lnge.

516 3690 716 3777 Extremum,
738 3692 861 3779 regina,
884 3702 940 3758 tuo
963 3690 1142 3780 praestabis
1164 3691 1319 3759 honorem

515 3795 679 3884 Gamrato,
702 3798 804 3884 Bona,
826 3798 1033 3867 Sforeiarlum
1056 3821 1173 3885 genus3
1196 3822 1281 3864 unus
1305 3798 1406 3864 amari

514 3902 645 3988 Dignus
668 3914 746 3989 erat,
768 3902 921 3991 lacrimis,
944 3926 1096 3991 supremo
1118 3914 1150 3971 et
1173 3904 1292 3991 (lignus
1314 3904 1444 3969 bonore.

515 4006 624 4072 Unam
646 4019 679 4075 te
701 4020 776 4075 ante
799 4033 910 4075 omnes
933 4011 1042 4096 uoluit,
1070 4018 1165 4097 teque
1187 4008 1337 4075 omnibus
1361 4029 1460 4073 unam

433 4134 481 4179 ιο.
510 4112 678 4201 Praetulit,
700 4125 844 4183 extremo
868 4124 901 4181 et
923 4114 1060 4203 dignum
1084 4139 1118 4182 se
1139 4114 1201 4182 boe
1223 4137 1357 4183 munere
1380 4114 1467 4181 feeit.

602 4222 742 4312 Amisso,
764 4222 890 4311 infelix,
912 4222 1078 4312 Gammto,
1102 4222 1259 4313 Sannum,
1282 4222 1366 4311 luga

515 4330 707 4398 Gamratum
729 4332 886 4398 amissum
909 4355 1058 4422 praeeres
1080 4332 1188 4421 lugete
1210 4331 1334 4403 Poloni.

515 4438 750 4506 Ornamentum
773 4440 889 4529 ingens
912 4442 1036 4530 patriae
1058 4440 1212 4507 amisistis
1235 4439 1353 4508 aeerba

410 4610 459 4619 ιιι-

514 4696 619 4751 ¹cont
649 4700 738 4753 ὒιιιιι.
768 4699 892 4767 minetur
926 4699 960 4753 sd
997 4700 1089 4755 Palen.
1125 4708 1280 4755 senatores:
1317 4700 1359 4754 Ad
1388 4703 1547 4756 Gamntum

409 4802 489 4842 earm.
509 4790 534 4840 3.
617 4841 619 4844 .
