4109 5767
1131 737 1210 774 mn
1228 737 1325 776 touls.

1219 995 1238 1045 i.

1104 1135 1138 1190 iu
1158 1133 1360 1192 Geduususes.

765 1261 905 1348 Legatos
927 1261 1014 1350 regis
1037 1262 1094 1350 qui
1117 1284 1182 1327 non
1206 1261 1338 1329 admisit
1358 1262 1508 1350 inermes,

820 1367 945 1436 Sentiat
968 1380 1110 1436 ernustes
1133 1369 1247 1435 militis
1269 1369 1324 1437 ille
1347 1391 1473 1438 munus.

1219 1656 1245 1706 g.

1021 1781 1070 1837 Au
1086 1780 1205 1852 plebem
1223 1781 1438 1852 gsdsusmm.

766 1908 869 1973 Arma
890 1930 1000 1996 manu,
1022 1906 1124 1998 plebs,
1146 1931 1239 1999 pone,
1268 1917 1437 1997 metusque
1467 1909 1521 1975 fue
1542 1907 1675 1976 excidat
1697 1907 1807 1975 omnis

819 2015 885 2082 Res
908 2018 977 2104 regi
1001 2017 1093 2084 eordi
1116 2028 1200 2104 sunt,
1224 2017 1305 2084 mihi
1327 2017 1433 2105 erede,
1455 2027 1539 2084 tuse.

766 2121 886 2191 Omnia
908 2135 979 2191 tutu
1001 2135 1093 2214 puts;
1116 2125 1236 2214 legatio
1258 2125 1402 2213 quinque
1425 2126 1569 2193 virorum

819 2231 893 2296 Non
916 2231 985 2319 tibi,
1008 2231 1066 2300 sed
1089 2233 1204 2321 paucis
1226 2242 1275 2299 est
1297 2233 1472 2299 metuende
1494 2243 1632 2322 petrum.

1220 2502 1245 2553 h.

1035 2643 1079 2699 De
1096 2642 1315 2714 palaeensium
1336 2649 1428 2700 mutu.

766 2766 868 2832 Areet
890 2765 931 2832 eb
954 2767 1105 2854 ingressu
1129 2766 1258 2835 Gedsni
1282 2790 1357 2834 eum
1379 2766 1473 2855 piebe
1496 2777 1627 2833 senatus

818 2871 919 2959 Regis
941 2872 1074 2960 legatos,
1097 2879 1175 2939 uut¹
1199 2877 1270 2940 sine
1291 2874 1385 2962 plebe
1407 2884 1523 2961 putres.

768 2977 891 3043 Haud²
913 2979 984 3045 sine
1006 2979 1101 3067 plebe
1123 2990 1244 3068 putres;
1268 3003 1345 3044 nem
1367 2979 1458 3068 plebs
1481 2979 1618 3068 deeepts
1640 2989 1777 3046 senatus

819 3083 1018 3151 Commentis
1042 3085 1128 3151 vufri
1151 3086 1303 3173 turpibus
1326 3107 1418 3150 urina
1440 3095 1535 3151 tenet.

708 3211 734 3254 s.
765 3190 810 3254 At
833 3191 861 3255 si
883 3190 976 3278 plebs
998 3193 1076 3259 veni
1100 3192 1203 3258 discet
1226 3193 1382 3279 figmenta
1404 3202 1544 3278 senatus,

820 3295 996 3364 Convertat
1018 3320 1059 3365 ne
1083 3300 1117 3363 in
1140 3321 1199 3363 vos
1222 3321 1322 3385 arma,
1345 3309 1466 3385 cavete,
1489 3310 1604 3388 putres.

1221 3556 1238 3608 i.

821 3698 880 3765 Ad
911 3699 1305 3768 SIGISMUNDUM
1336 3696 1640 3765 AUGUSTUM

1006 3827 1132 3879 Poleuius
1151 3843 1241 3894 regem
1260 3827 1352 3878 sedem
1371 3826 1405 3877 ile
1422 3841 1459 3877 re.

769 3947 895 4038 Rumpe
919 3953 1037 4018 ruerus!
1061 3953 1165 4040 ruptis
1188 3949 1264 4016 fidei
1289 3973 1329 4016 ne
1352 3948 1489 4016 erimine
1512 3947 1631 4014 vinclis

825 4057 988 4146 impunite
1011 4059 1094 4126 feret
1117 4059 1240 4148 perfida
1262 4058 1441 4147 progenies.

769 4165 902 4252 Legatis
924 4188 1008 4253 quse
1031 4167 1144 4233 clausu
1166 4167 1232 4231 tuis
1255 4176 1331 4232 sunt
1354 4165 1489 4250 moenie,
1513 4186 1606 4229 muro

823 4269 967 4336 Effreeto
989 4280 1121 4357 puteant
1143 4270 1309 4357 gressibus
1332 4268 1389 4334 illu
1410 4271 1484 4335 tuis.

711 4395 737 4439 s.
768 4375 811 4440 Et
834 4377 1001 4464 castigetis
1024 4376 1135 4441 infidis
1158 4375 1296 4461 civibus,
1319 4374 1397 4440 olim

824 4481 960 4550 Servare
984 4482 1133 4549 addiscat
1156 4495 1263 4549 uetere
1286 4480 1381 4547 turbe
1403 4481 1509 4546 iidem.

663 4649 802 4657 -----..».
813 4648 868 4658 .—

772 4729 780 4762 ¹
799 4729 887 4794 prime
904 4741 994 4779 mauu:
1016 4714 1131 4792 „heud'“‚
1150 4742 1245 4777 munus
1264 4724 1395 4791 posterior
1412 4739 1480 4776 sorr.
1501 4724 1592 4787 „2th

771 4816 886 4884 'prims
904 4832 947 4869 nu:
969 4822 1059 4883 μων,
1078 4832 1174 4868 munus
1192 4821 1260 4881 post.
1280 4829 1347 4866 eorr.
1369 4812 1482 4877 „huud“.
