4109 5767
1099 243 1232 306 464
2044 259 2198 292 mm
2239 258 2415 292 nonu

2191 538 2307 605 VI.

2069 669 2151 717 De
2203 681 2377 718 uxore
2399 666 2430 717 ¹.

1265 777 1268 780 ’
1316 773 1428 841 Nil
1476 797 1681 841 uxore
1726 774 1897 841 bona
1945 773 2205 858 nielius3
2255 772 2367 840 scd
2417 796 2583 862 quae
2630 772 2806 840 mala
2852 785 3081 841 contra
3125 785 3241 861 cst²

1423 882 1617 950 Illam
1666 894 2060 950 tormentum
2109 883 2356 950 dixeris
2403 905 2546 947 esse
2593 884 2740 949 viri.

2196 1350 2301 1415 22.

1827 1544 1864 1581 *
1926 1551 2048 1610 De
2117 1548 2674 1610 mulieribus.

2224 1722 2278 1786 Ι.

2043 1850 2109 1897 ln
2145 1849 2420 1897 Naevium
2435 1844 2471 1897 ².

1322 1968 1423 2035 No
1470 1979 1623 2036 tuus
1668 1968 1776 2035 hic
1824 1979 2077 2035 nostros
2124 1969 2337 2035 discat
2382 1969 2491 2036 hic
2511 1973 2554 2057 ⁸,
2602 1968 2875 2056 Naevia,
2921 1992 3151 2056 mores,

1430 2077 1644 2145 Credo
1689 2079 1899 2166 times,
1946 2102 2028 2146 ne
2075 2077 2191 2163 illi,
2239 2078 2509 2165 Naevia,
2557 2078 2926 2168 displiceas.

1323 2186 1623 2275 Namque
1670 2210 1846 2253 meos
1895 2187 2094 2253 fuerit
2141 2210 2354 2253 mores
2399 2187 2772 2275 quicunque
2819 2196 3098 2273 secutus,

1431 2296 1520 2361 Et
1563 2296 1956 2383 quicunque,
2005 2296 2166 2361 mihi
2212 2296 2387 2384 quod
2433 2294 2664 2383 placet,
2710 2294 2876 2359 illud
2923 2305 3115 2381 amat,

1208 2424 1262 2469 5.
1323 2403 1502 2468 Huic
1546 2412 1661 2469 tua
1705 2403 2060 2489 garrulitas
2108 2404 2342 2489 minus,
2386 2401 2543 2469 huic
2588 2413 2704 2469 tua
2752 2404 2889 2470 vita
2935 2401 3219 2490 placebit

1376 2573 1382 2579 .
1432 2509 1649 2575 Prava
1695 2509 1879 2596 nihil,
1926 2509 2092 2575 nihil
2137 2510 2310 2596 huic,
2356 2509 2627 2596 Naevia,
2674 2508 2987 2598 quicquid
3034 2510 3193 2594 agis.

1326 2615 1473 2682 Non
1521 2616 1688 2681 bene
1733 2615 2094 2681 discinctus
2142 2617 2338 2681 remis
2386 2638 2567 2681 mare
2612 2616 2817 2681 verrit
2863 2626 3093 2700 arator,

1432 2720 1580 2786 Non
1627 2719 1795 2786 benc
1841 2743 2110 2786 saxosos
2157 2723 2384 2788 navita
2430 2731 2654 2788 versat
2700 2743 2912 2807 agros,

1326 2827 1475 2892 Non
1521 2827 1686 2893 bene
1731 2849 1921 2893 sacra
1966 2829 2187 2894 Deum
2234 2828 2423 2893 miles
2469 2839 2625 2893 trux
2671 2837 2910 2894 tractat
2953 2826 3037 2892 ad
3084 2849 3250 2913 aras,

1169 2959 1262 3003 10.
1434 2936 1582 3001 Non
1629 2936 1794 3003 bene
1838 2935 2116 3002 turifera
2163 2946 2421 3025 sumpta
2466 2947 2594 3002 stat
2638 2934 2826 3002 hasta
2873 2958 3089 3002 mauu.

1330 3042 1486 3109 Sic⁴
1533 3065 1657 3108 nec
1704 3042 1984 3108 femineo
2030 3046 2301 3109 tractari
2348 3044 2614 3132 publica
2663 3066 2855 3109 sensu

1436 3148 1777 3235 Convenit,
1824 3159 1889 3214 et
1933 3151 2081 3238 quis
2129 3151 2261 3215 sint
2307 3149 2424 3214 illa
2470 3149 2758 3236 regenda
2804 3148 3031 3214 modis.

1329 3255 1467 3321 Ista
1512 3255 1744 3321 decent
1790 3267 2196 3343 poscuntque
2242 3258 2421 3322 viros
2467 3268 2531 3322 et
2577 3256 2871 3322 mascula
2915 3256 3133 3340 corda,

1440 3363 1726 3428 Hectora
1772 3384 1876 3428 res
1921 3363 2104 3441 haec,
2150 3386 2278 3428 non
2326 3362 2614 3451 postulat
2658 3362 3181 3428 Andromachen.

1174 3492 1266 3534 ιο.
1326 3469 1599 3534 Praeter
1646 3491 1806 3534 acus
1852 3467 2273 3557 calathosque
2318 3481 2383 3535 et
2429 3492 2637 3535 nexae
2681 3468 2927 3535 vellera
2955 3467 3146 3535 lanae

1441 3576 1733 3641 Pertinet
1775 3574 1860 3641 ad
1907 3587 1971 3642 te
2017 3576 2130 3663 nil,
2178 3577 2449 3662 Naevia,
2493 3577 2808 3665 quicquid
2857 3578 3016 3663 agis.

1331 3685 1565 3752 Parce!
1613 3708 1790 3750 meos
1836 3685 2033 3751 liceat
2079 3708 2290 3750 mores
2336 3686 2446 3751 hic
2491 3694 2556 3751 et
2601 3683 2713 3751 ille
2759 3693 3085 3772 sequatur,

1440 3793 1738 3860 Sectetur
1782 3815 2011 3880 mores,
2059 3793 2337 3880 Naevia,
2384 3816 2575 3860 nemo
2620 3804 2783 3859 tuos.

1340 4071 1357 4101 ¹
1395 4074 1511 4123 Oss.
1550 4069 1658 4125 224
1694 4079 1748 4124 et
1784 4070 1890 4125 275
1937 4095 1985 4116 ==
2036 4088 2180 4124 corn.
2220 4070 2326 4125 315
2365 4079 2419 4124 ct
2455 4069 2578 4126 348.

1336 4158 1358 4190 ¹
1396 4161 1549 4212 Corn.
1589 4160 1661 4214 64
1697 4178 1722 4213 s
1764 4202 1774 4213 .

1337 4250 1359 4283 ⁸
1394 4251 1631 4302 Primum
1671 4179 1822 4317 ,ἐῶ
1864 4252 2078 4303 videtur
2124 4252 2312 4304 referri
2363 4250 2432 4303 ad
2470 4266 2778 4317 personam,
2830 4250 3058 4301 alterum
3108 4248 3177 4301 ad
3214 4248 3439 4300 locum..

1337 4340 1360 4371 ⁴
1396 4342 1496 4393 ΜΒ.
1541 4342 1670 4405 „si“.
