4109 5767
462 1005 490 1052 a.
520 983 582 1051 Illo
605 1005 704 1049 manu
727 981 817 1070 felix,
839 1005 898 1072 per
919 1007 1025 1073 quom,
1047 985 1103 1072 qni
1127 983 1303 1052 acheronta
1324 993 1479 1073 tenorent

574 1089 667 1156 Milia
690 1090 794 1156 multa
816 1091 926 1157 virum
949 1113 1087 1158 monera
1108 1091 1192 1158 luoia
1215 1091 1345 1159 habent

522 1197 587 1263 Por
608 1218 706 1284 quem
728 1193 814 1262 laota
836 1195 915 1261 olim
937 1205 1067 1263 aarvata
1090 1196 1158 1263 filia
1180 1206 1292 1283 matra

575 1304 741 1390 Laetaque
764 1311 892 1369 servato
914 1300 983 1368 filio
1004 1312 1098 1391 patro
1122 1303 1193 1369 suit.

522 1411 586 1477 Par
608 1433 705 1499 qnom
727 1418 879 1476 natorum
903 1413 1022 1476 oan0o¹
1047 1409 1159 1478 vidoro
1181 1419 1342 1499 parantes,

442 1541 491 1587 ro.
576 1516 726 1606 Oaraquo
747 1515 833 1582 vidit
855 1517 911 1583 avi
932 1516 1090 1605 grandior
1113 1539 1170 1584 ora
1193 1539 1302 1606 nepos.

523 1626 588 1694 Por
609 1649 706 1716 qnam
729 1623 872 1715 ploravit
894 1625 1023 1692 domno
1045 1625 1137 1693 nulla
1159 1624 1271 1714 onbili,
1411 1693 1414 1702 ,

578 1734 744 1805 Saooooait
766 1731 867 1801 viduo
890 1756 952 1802 noo
974 1757 1060 1802 novo
1082 1745 1185 1825 nupta
1207 1743 1286 1802 toro.

524 1842 650 1910 Debuit
671 1841 750 1910 hoio
772 1843 891 1930 insano,
914 1865 996 1933 poor
1016 1842 1105 1931 hoio,
1127 1843 1205 1912 hnio
1227 1841 1384 1932 grandior
1406 1851 1505 1931 aatao,

578 1951 769 2018 Morborum
791 1951 946 2017 immunia
969 1950 1096 2018 ooilioot
1117 1950 1215 2017 huius
1238 1973 1307 2040 opo

442 2080 493 2125 rr.
523 2059 564 2124 In
587 2059 681 2124 onina
704 2056 856 2123 manibus
878 2058 1007 2124 aonium
1030 2058 1083 2124 vir
1106 2057 1192 2124 vidit
1213 2066 1246 2124 ot
1268 2078 1371 2124 annos

580 2163 654 2233 Non
677 2164 779 2231 sensit
801 2164 888 2230 viror
911 2173 1080 2231 attonnoro
1102 2187 1188 2230 suar.

527 2272 639 2341 Curva
660 2293 723 2338 noo
745 2270 938 2338 inoumbonr
960 2271 1077 2336 innixo
1099 2280 1230 2337 nonanta
1252 2268 1374 2336 bacillo
1397 2277 1456 2354 ast,

581 2376 692 2463 Aegra
713 2398 831 2441 manua
853 2374 1009 2442 tremulos
1033 2397 1094 2442 noo
1118 2373 1193 2440 tulit
1215 2395 1314 2461 aegra
1335 2372 1445 2462 pedor.

526 2481 596 2548 Noa
617 2480 674 2548 ille
696 2482 817 2571 aripuit
839 2479 912 2568 leto,
934 2503 994 2547 noa
1016 2479 1074 2547 illa
1096 2479 1216 2566 valera,

442 2611 495 2654 ao.
581 2586 644 2652 Illo
666 2609 726 2652 aaa
749 2586 884 2675 longum
905 2587 1019 2653 vivero
1042 2585 1123 2652 feeit
1145 2606 1213 2673 opo.

529 2691 680 2781 Quotqno
701 2715 806 2780 genus
829 2691 967 2758 mortale
989 2691 1074 2778 tulit,
1095 2689 1252 2780 produxit
1273 2689 1308 2756 in
1331 2711 1443 2774 annon,

581 2799 626 2864 Et
647 2799 712 2864 nini
734 2798 916 2886 decrepitos
939 2797 1058 2865 noaoiit
1080 2819 1164 2864 urna
1187 2819 1290 2863 aenea.

528 2907 617 2994 Ergo
640 2905 737 2993 salua,
759 2907 832 2997 qnia
856 2928 934 2973 oara
956 2929 1016 2973 sna
1039 2913 1097 2993 ost
1120 2903 1242 2994 lugeto3
1265 2902 1389 2989 salutis,

582 3014 755 3082 Exstincto
778 3012 913 3100 modion,
936 3014 1042 3102 portio
1065 3034 1186 3102 magna
1207 3011 1299 3102 parit

976 3241 1017 3308 V.

849 3386 910 3452 Da
940 3385 1139 3453 EODEM

527 3555 617 3621 Mora
639 3554 844 3622 Antoninum
865 3552 945 3643 quid
968 3553 1064 3620 nobis
1086 3551 1195 3618 tollis?
1218 3547 1406 3638 ademptum
1513 3565 1519 3578 ·

584 3663 628 3730 Et
651 3663 754 3729 mittio
777 3660 912 3729 damona
935 3661 970 3727 in
993 3682 1109 3728 namna
1132 3658 1295 3752 elysium?

531 3771 607 3838 Non
629 3771 757 3857 motois,
780 3778 912 3838 revooat
934 3792 975 3836 no
998 3769 1125 3836 animas
1147 3767 1182 3833 in
1206 3789 1343 3858 oorpora
1366 3773 1477 3832 tantus

587 3879 632 3944 Et
653 3876 770 3966 spoliat
791 3876 939 3944 mediana
961 3875 1114 3942 manibus
1136 3872 1299 3965 elysium?

536 4106 622 4161 *uon
643 4107 740 4160 orium.
