4109 5767
684 783 792 820 ΟΑΙΙΙΙ
809 784 931 821 tumn
948 783 977 819 1!
994 784 1046 820 011.
1066 783 1101 819 lo.
1119 782 1254 820 nuovll·

508 976 553 1041 Et
575 974 731 1063 quioquid
756 974 856 1041 faudo
878 972 1043 1042 oollaudat
1065 974 1206 1043 Graeoia
1228 973 1330 1063 (lives,

510 1082 600 1149 Telis
622 1090 693 1151 erat
713 1083 902 1171 patriaeque
925 1105 1003 1150 suae
1025 1082 1207 1172 populoque
1229 1082 1346 1172 polono

508 1190 701 1276 Turnovius,
722 1214 819 1279 quern
841 1199 919 1256 trux
941 1190 1036 1257 torris
1059 1212 1148 1258 nuno
1170 1190 1289 1279 eripuit
1310 1212 1406 1257 mors.

599 1296 695 1364 Fleut
717 1297 810 1364 illum
833 1320 991 1386 prooeres,
1015 1296 1135 1386 quibua
1157 1320 1249 1364 arma
1270 1305 1303 1365 et
1324 1297 1442 1363 mertia
1456 1295 1548 1364 bello.

426 1424 475 1468 ro.
507 1403 591 1471 Sunt
613 1405 705 1470 oordi
727 1414 760 1471 et
781 1403 889 1471 (lirum
912 1403 1074 1492 depellere
1097 1404 1218 1470 linibus
1240 1402 1375 1490 hostem,

508 1509 645 1599 Fletque
667 1509 723 1577 illo
745 1520 894 1577 assuetus
917 1510 1082 1598 quondam
1106 1510 1190 1577 duee
1212 1510 1344 1577 viuoere
1366 1508 1468 1576 miles.

509 1617 640 1705 Vosque
662 1615 755 1683 illum
777 1617 947 1706 imprimis,
969 1618 1081 1705 magni
1104 1638 1180 1707 pars
1201 1617 1307 1707 prima
1329 1625 1470 1701 senatus,

508 1723 682 1791 l'ontilioes
704 1724 813 1813 lugete
834 1725 890 1813 pii.
913 1725 1031 1791 Vestra
1054 1722 1109 1793 ille
1131 1734 1262 1793 seoutus

508 1830 662 1917 Arbitrio,
684 1830 773 1897 haud
797 1830 917 1897 dubius
938 1830 1037 1899 latiae
1058 1831 1188 1921 pietatis
1211 1830 1363 1897 alumnus

426 1959 475 2003 rs.
506 1936 681 2026 Cultorque
704 1938 858 2025 antiquae
879 1938 965 2024 fidei,
988 1960 1087 2027 quam
1110 1938 1251 2005 Bariona
1273 1939 1399 2023 Petrus,

510 2042 660 2129 Exiguae
682 2041 833 2109 dominus
857 2043 1004 2133 cymbae,
1027 2053 1227 2111 monstrante
1249 2043 1414 2131 magistro,

509 2148 690 2215 Romanam
712 2148 887 2241 doouitque
910 2147 1024 2217 urbem
1047 2147 1246 2238 populosque
1268 2147 1372 2216 lateri.

509 2252 632 2321 Oderat
653 2253 742 2321 idem
764 2254 882 2320 animis
904 2256 1006 2321 nostri
1028 2276 1115 2322 novo
1134 2254 1291 2343 ,dogmate
1314 2252 1423 2339 aneoli,

510 2360 603 2441 Quae
625 2359 746 2450 vulgus
768 2360 831 2427 sibi
853 2361 948 2449 fingit
970 2362 1059 2429 iners
1081 2360 1237 2452 plebsque
1258 2360 1364 2428 inania
1386 2360 1467 2447 veri,

427 2490 477 2534 ao.
508 2468 711 2555 Iuoonstans,
732 2491 797 2535 uon
821 2491 949 2556 semper
970 2468 1058 2535 idem
1081 2476 1237 2536 consueta
1258 2465 1403 2557 probare.

509 2575 602 2655 Quae
624 2598 713 2642 nuno
734 2575 809 2643 vela
831 2585 910 2642 noto
934 2576 1105 2663 saevisque
1127 2572 1332 2663 aquilonibus
1355 2575 1456 2660 inflat,

509 2681 607 2747 Nune
629 2702 708 2747 euro
731 2678 954 2770 zephyrisque,
978 2681 1078 2747 maris
1100 2702 1238 2769 passura
1258 2679 1417 2769 prooellus

509 2786 553 2851 Et
574 2808 676 2873 grave
698 2786 908 2873 naufragium
931 2785 1063 2876 Soyllae
1086 2785 1284 2874 rabidaeque
1302 2783 1504 2875 Charybdis,

509 2889 644 2958 Consilii
667 2891 731 2959 nisi
753 2892 864 2959 lorsan
888 2892 981 2983 inops
1003 2892 1174 2982 resipisoat
1196 2889 1345 2979 orileque

425 3019 475 3065 au.
505 3000 697 3087 Agnoscens
718 3000 834 3068 latium
857 3000 961 3069 oeulis
984 3023 1019 3069 se
1042 2999 1158 3068 reddat
1180 2998 1285 3067 avitis.

509 3108 573 3175 Pro
596 3107 726 3179 Christo
748 3132 830 3200 quas
853 3109 1002 3179 aethereo
1025 3107 1179 3202 delapsus
1201 3106 1343 3200 Olympo

509 3218 607 3285 Nune
630 3226 738 3286 servat
759 3219 862 3285 Pius¹
884 3219 1097 3309 omnipotens,
1118 3228 1268 3307 terraque
1290 3216 1439 3305 marique

509 3325 684 3412 Maximus,
705 3326 844 3393 infernis
866 3327 922 3416 qui
945 3327 1051 3415 legem
1074 3327 1173 3415 figere
1195 3325 1305 3414 regnis

511 3432 554 3496 Et
579 3432 712 3522 stygiae
734 3432 812 3499 dare
833 3434 907 3498 iura
929 3441 1034 3521 potest
1056 3430 1242 3500 veneranda
1263 3428 1386 3519 paludi,

427 3555 477 3602 oo.
508 3534 721 3627 stellantique
743 3538 817 3626 polo
839 3560 952 3605 manes
974 3538 1148 3605 immittere
1171 3558 1290 3621 saeros,

510 3640 683 3710 Immorsos
705 3642 847 3711 tenebris
870 3652 903 3711 et
925 3666 1023 3711 eaeoo
1046 3664 1177 3711 oeroere
1199 3642 1338 3727 olausos,

509 3746 688 3815 Antaeus
711 3771 869 3816 revoouus
893 3748 986 3816 sedes
1009 3759 1043 3815 et
1064 3770 1200 3815 amoena
1221 3746 1327 3813 virete

510 3850 718 3939 Caelicolum,
741 3854 819 3920 felix
842 3854 943 3921 nullis
966 3854 1022 3921 ubi
1045 3854 1176 3943 degitur
1199 3875 1317 3921 aevum

510 3959 709 4026 Gonolnsum
732 3961 826 4027 metis
849 3971 881 4029 et
904 3962 1015 4029 uosoia
1037 3960 1166 4029 laedere
1188 3960 1265 4026 vita

427 4084 477 4129 os.
596 4065 687 4146 Quas
709 4066 828 4134 fundes
850 4065 1013 4155 lacrimas,
1035 4068 1142 4157 gentis
1165 4088 1315 4155 supreme
1337 4064 1474 4154 polonae

508 4172 698 4239 Prerembi¹
720 4174 863 4262 antistes,
886 4198 995 4242 rorum
1017 4174 1072 4242 eui
1095 4196 1223 4241 summa
1245 4194 1412 4241 seerarum

508 4278 640 4349 Credita
663 4278 825 4350 Surmutia
846 4282 882 4349 in
905 4306 1025 4373 mogun
1047 4290 1108 4351 est:
1131 4280 1259 4372 lugebis
1282 4281 1432 4371 adempto

508 4389 671 4457 Tarnovio
693 4389 915 4481 damnumque
937 4391 1053 4480 ingens
1075 4390 1285 4482 profiteberis,
1308 4390 1365 4458 illo

404 4560 610 4572 -—

511 4655 520 4689 ¹
539 4658 611 4713 uult
634 4661 737 4723 „enez
757 4662 861 4730 ,plus·;
881 4660 999 4715 idsm'lo
1018 4660 1113 4727 Ornoi..
1131 4660 1178 4715 seul
1197 4668 1354 4715 correctum.
1386 4661 1548 4714 Butuntum

402 4747 468 4799 Pius
485 4749 533 4815 IV,
552 4749 670 4818 pontifex
688 4767 723 4805 m.
742 4767 768 4804 a.
788 4750 974 4807 lota-mou

510 4834 653 4892 'loannes
671 4840 857 4894 Prusreurbeki
881 4849 940 4895 erat
964 4840 1083 4908 mohlap.
1102 4840 1266 4894 (insensuali
1290 4856 1333 4893 ιι.
1358 4837 1548 4894 1559-1562.

509 4930 623 4974 strutus.
640 4933 695 4975 M.
1422 4926 1439 4979 ll
