4109 5767
508 872 573 939 198
985 886 1064 923 ‘¹1¹¹
1083 885 1171 922 ”¹²¹¹

612 1081 760 1173 Gaudeo,
781 1081 912 1151 Iussiui.
935 1079 1063 1173 Sparsit
1084 1081 1141 1171 qui
1164 1079 1252 1170 tolia,
1275 1079 1361 1150 falsu

666 1193 732 1262 Pro
753 1194 843 1260 famo
864 1214 978 1261 veram
1000 1191 1120 1259 sentiat
1142 1190 1198 1259 ille
1221 1190 1351 1279 famem,

554 1323 581 1370 t.
603 1301 680 1384 Qua
701 1301 834 1370 tandem
856 1311 991 1370 enectus
1013 1300 1195 1390 mediisque
1218 1299 1408 1368 inhumatus
1430 1301 1464 1367 in
1488 1301 1578 1390 egris

667 1410 852 1480 corvorum
873 1410 939 1498 fist,
961 1409 1019 1478 fiat
1042 1420 1074 1477 et
1096 1431 1173 1478 esca
1195 1431 1324 1477 cauum.

1054 1979 1108 2046 23.

710 2169 771 2236 Ad
801 2168 1100 2236 ΜΔΤΤΗῙΑΜ
1130 2167 1451 2256 lussovluut,

885 2293 955 2362 „gu
972 2293 1094 2345 uatus
1112 2291 1279 2344 sosoma

1057 2450 1105 2517 L,

614 2577 713 2646 Unde
734 2577 849 2665 fluunt,
871 2576 986 2666 primis
1008 2575 1096 2666 quod
1119 2575 1240 2644 debent
1263 2576 1409 2644 fontibus
1432 2598 1555 2664 amnes,

670 2685 768 2769 Quod
789 2684 911 2774 Padus,
933 2685 1021 2754 uude
1043 2685 1124 2772 fluia,
1146 2685 1234 2774 quod
1256 2685 1377 2774 Tagus,
1400 2683 1488 2753 unde
1512 2685 1597 2771 fluit,

616 2795 689 2861 Hoo
712 2793 774 2860 tibi
794 2793 968 2882 posteritas
990 2793 1089 2860 debet
1110 2802 1176 2881 tua,
1199 2793 1295 2861 debet
1317 2791 1466 2879 honores,

672 2901 713 2966 Et
735 2920 929 2988 quoeunque
951 2921 987 2966 es
1008 2922 1091 2986 gens
1113 2897 1204 2966 olera
1227 2900 1340 2966 futura
1362 2909 1428 2966 tua

555 3028 583 3073 s.
613 3006 765 3075 Obscura
786 3005 875 3092 urbs,
897 3027 1002 3092 genus
1025 3005 1112 3072 unde
1134 3007 1203 3092 titt,
1228 3005 1381 3093 Iessos-ia,
1404 3027 1517 3093 nuper,

668 3112 816 3200 Matthia,
838 3111 977 3180 eelebris
999 3112 1131 3177 nomine
1153 3111 1242 3179 faeta
1265 3120 1322 3179 tuo
1343 3121 1402 3178 est

615 3219 736 3287 Vioino
760 3219 868 3286 fuerat
889 3219 987 3284 modo
1009 3240 1094 3306 quae
1115 3219 1174 3284 vix
1196 3219 1301 3286 limite
1323 3227 1409 3306 noto,

669 3327 851 3395 Sarmatico
874 3325 939 3393 late
961 3347 1051 3392 nuno
1074 3324 1238 3393 oelebrata
1261 3325 1329 3393 solo
1352 3334 1409 3392 est.

615 3436 748 3523 Gratus,
769 3434 917 3524 Matthia,
938 3457 974 3502 es
996 3434 1185 3525 patriaeque
1207 3434 1349 3524 tuisquo;
1373 3432 1494 3502 dedero

537 3567 583 3612 ιο.
670 3544 783 3611 Vitam
805 3543 864 3631 illi,
887 3555 922 3610 tu
946 3543 1005 3610 das
1028 3543 1135 3611 maius
1157 3543 1279 3612 habero
1302 3542 1412 3610 decus.

616 3653 687 3719 Dos
710 3674 828 3720 nomeu
851 3651 1038 3740 famamque
1059 3650 1292 3739 hominumque
1313 3650 1426 3718 volero
1448 3673 1507 3740 per
1528 3673 1599 3738 orar

670 3760 715 3824 Et
737 3759 826 3825 eluro
848 3760 942 3849 ponis
965 3759 1200 3847 eonstituisque
1222 3758 1303 3825 looo.

618 3864 726 3947 Quom
749 3865 892 3932 tribuere
914 3865 984 3952 tibi,
1008 3866 1085 3931 satis
1108 3865 1250 3932 obnoxiu
1272 3867 1342 3931 vita
1364 3875 1426 3950 est3

672 3969 736 4036 Sed
760 3992 859 4058 quom
882 3970 942 4036 das
965 3969 1042 4057 illis,
1066 3972 1155 4037 sama
1176 3971 1328 4060 perennis
1351 3972 1422 4037 erit.

513 4165 718 4176 -----

509 4284 619 4320 nomam
639 4269 722 4320 tuisse
741 4269 825 4320 trudit
842 4269 972 4322 Bouieuki
989 4268 1099 4335 (Pooset
1117 4268 1214 4334 routw,
1234 4286 1277 4337 pg.
1298 4269 1368 4337 106).
1388 4271 1450 4335 Res,
1468 4285 1549 4337 quum
1567 4271 1662 4335 tangit:

509 4357 635 4422 Roystus,
654 4357 749 4423 ignote
766 4365 816 4410 est.
1259 4401 1271 4419 ,

620 4447 723 4502 ¹Ooui.
742 4446 1006 4500 ffiesieoki-Bobr.
1025 4447 1110 4500 Herb.
1129 4448 1176 4515 tv,
1194 4445 1248 4503 494
1260 4467 1287 4501 u.
1307 4449 1407 4517 Scripsi
1423 4463 1570 4518 cognomen
1590 4446 1661 4497 doo-

510 4535 561 4589 bus
579 4554 592 4590 a
612 4537 647 4590 sd
665 4537 783 4606 speeiem
800 4537 917 4592 nominis
935 4538 1009 4592 iutra
1026 4555 1051 4592 v.
1071 4536 1089 4591 t
1107 4555 1268 4608 expressam.
1296 4575 1299 4581 -

619 4626 726 4682 'Corra
746 4628 788 4683 72.
