4109 5767
647 779 684 815 nn
701 778 852 826 eruuntur,
871 777 982 814 nereoor.
1001 777 1112 814 ouoor.
1131 776 1366 815 ournrnrrotruu.
1506 762 1573 827 229

540 971 646 1039 Soeva
669 969 751 1036 nihil
774 967 938 1057 quondum
960 976 1139 1035 monstrate
1160 969 1195 1034 in
1217 967 1335 1056 pollioe
1357 969 1482 1057 tigriel.

458 1098 506 1144 re.
537 1077 683 1164 Quinque
706 1098 802 1142 euum
825 1074 907 1143 feret
930 1084 962 1142 et
984 1073 1118 1162 paribus
1141 1074 1201 1141 nub
1224 1074 1352 1162 legibue
1375 1099 1486 1144 omnen

540 1183 616 1251 Otia
638 1203 771 1250 eeeuree
794 1192 949 1270 peragent
971 1179 1190 1269 pulcherrima
1212 1181 1329 1248 vitae'.

632 1288 706 1354 Hae
728 1287 845 1374 ignara
867 1295 961 1352 tenne
985 1285 1168 1352 studiorum
1190 1287 1287 1352 turbe
1310 1309 1485 1373 suetorum,

541 1391 667 1480 Volgus
689 1392 785 1472 inere,
809 1392 931 1457 frustm
953 1414 1018 1457 non
1042 1391 1243 1458 affectaverit
1266 1413 1340 1456 eree

541 1500 583 1565 Et
606 1497 727 1564 multuo
749 1496 872 1566 Christi
894 1496 1006 1564 oeulos
1030 1494 1198 1584 eomplerit
1219 1498 1415 1586 Amyntue⁸‚

457 1625 508 1670 oo.
539 1603 695 1671 Indoctus
717 1613 865 1692 torquoro
887 1602 1016 1692 pedum,
1039 1603 1095 1691 qui
1118 1603 1210 1669 Punu
1232 1624 1294 1670 neo
1315 1603 1421 1692 ipsum

540 1711 676 1778 Noverit
699 1720 756 1777 eut
778 1711 894 1778 soliees
916 1710 1001 1778 inter
1022 1709 1194 1799 dignosoet
1215 1708 1388 1798 hibiscum,

540 1820 678 1886 Puuoere
700 1841 779 1886 oves
801 1818 902 1906 rudis,
925 1828 958 1885 et
981 1841 1047 1885 non
1070 1816 1203 1885 tondere
1225 1816 1385 1885 medullas

542 1927 584 1993 Et
608 1927 735 1994 mxime
757 1927 866 2016 gregis
890 1948 966 1994 euru
988 1926 1073 1994 laete
1095 1948 1136 1993 ue
1158 1926 1286 1993 vinoem
1308 1926 1400 1994 vive:
1480 1931 1489 1944 '

542 2035 691 2101 Invisum
714 2033 804 2102 eaelo
826 2057 939 2124 genue.
971 2034 1060 2102 Hine
1082 2057 1147 2101 non
1171 2057 1285 2102 neuma
1307 2055 1368 2102 neo
1390 2034 1475 2102 imae

459 2165 508 2210 oo.
538 2143 639 2210 Venit
662 2142 702 2210 ob
727 2143 843 2209 infami
867 2166 970 2233 nuper
991 2144 1047 2233 qui
1072 2143 1196 2210 sorniee
1218 2141 1327 2229 oelloe,

541 2253 609 2319 Aut
631 2275 727 2341 quem
751 2251 954 2320 eommeudet
977 2251 1131 2319 moeelmo
1153 2251 1264 2320 vesiou
1285 2250 1430 2339 beutae‘,
1476 2283 1573 2295 Μ·-

541 2361 606 2429 Seu
630 2360 715 2427 male
737 2371 836 2445 ousta,
859 2361 916 2426 diu
940 2361 1079 2426 viduum
1101 2383 1166 2427 non
1189 2383 1286 2448 pessa
1308 2359 1429 2428 eubile:

541 2466 615 2531 Non
637 2464 715 2532 hino
738 2477 832 2552 turpe
854 2488 958 2552 genu·
981 2475 1111 2532 sanotae
1133 2466 1313 2552 speraverit
1335 2487 1417 2531 orae.

630 2571 704 2636 Non
726 2570 791 2636 illie
814 2570 931 2636 etudiie
954 2570 1094 2654 Samuel,
1116 2594 1182 2636 non
1204 2571 1325 2636 talibus
1347 2570 1423 2635 ullie

457 2695 507 2740 oo.
539 2674 617 2740 Alte
639 2683 751 2762 petens
773 2713 818 2724 -
840 2675 913 2740 aliie
937 2674 1060 2740 fuerint
1080 2697 1120 2740 ee
1142 2675 1248 2761 prime
1270 2712 1315 2723 —
1336 2684 1473 2740 tenetur.

542 2779 644 2865 Digni
668 2779 769 2847 Οεὶιιὕ
791 2800 896 2844 mores
918 2788 951 2844 et
973 2777 1087 2844 follere
1108 2779 1219 2844 neeoia
1240 2778 1377 2864 virtue·
1456 2805 1461 2814 ·

541 2885 653 2974 Digne
674 2884 753 2953 Ouio
774 2884 886 2972 pietus,
908 2922 953 2933 —
976 2883 1064 2970 Ouio,
1085 2906 1183 2970 quem
1205 2883 1313 2950 sidere
1334 2893 1472 2972 poeeunt

542 2990 760 3058 iamdudum
783 2992 953 3079 civemque
976 3014 1072 3057 uuum
1095 2991 1175 3079 petit
1197 2990 1320 3057 arduus
1342 2989 1465 3057 aether:

542 3099 721 3188 Egregium
743 3099 936 3186 Samuelem,
958 3098 1048 3186 haee,
1070 3098 1298 3185 nundinetur,
1321 3097 1508 3185 movebunt

458 3226 509 3273 et.
538 3206 782 3295 Proeedentque
805 3206 877 3294 elio,
899 3229 998 3294 quum
1020 3205 1194 3294 quondum,
1216 3216 1337 3272 ennete
1359 3214 1479 3272 tenore.

542 3314 691 3380 Praemia
713 3314 844 3381 virtutis
866 3312 985 3380 referet
1006 3313 1112 3381 bonus
1134 3323 1167 3380 et
1189 3335 1250 3379 eun
1272 3322 1380 3379 sontes

542 3420 663 3488 Tristia
685 3420 854 3510 euppiioio,
877 3430 909 3488 et
931 3422 1121 3487 meritorum
1143 3443 1248 3510 poene
1270 3428 1429 3507 sequetur.

541 3528 615 3594 Non
640 3527 726 3594 mele
748 3528 900 3618 ooniugio
923 3528 1039 3596 mulier
1063 3529 1133 3594 eine
1155 3528 1227 3617 lege
1249 3526 1354 3594 soluto

543 3636 581 3702 Ιιι
605 3636 723 3704 votitoe
746 3648 853 3704 ourret
876 3635 1035 3704 thalamos
1057 3646 1089 3703 ot
1112 3636 1249 3703 erimine
1271 3646 1357 3701 notu

461 3763 510 3810 ιο.
540 3743 690 3811 Servabit
712 3754 839 3811 eastum
861 3744 992 3812 Tithoni
1015 3745 1145 3811 Aurora
1169 3743 1308 3829 eubile⁰‚

542 3851 585 3916 ltt
608 3850 725 3916 viduos
748 3850 876 3918 coelebs
900 3851 1060 3918 euntodiet
1082 3851 1160 3916 ordo
1183 3872 1339 3934 reuersus,

541 3956 611 4023 Neo
633 3956 821 4022 malesuada
844 3979 948 4022 venue
971 3967 1115 4022 oneratae
1138 3955 1259 4042 polluet
1282 3977 1365 4021 eruo.

545 4201 552 4231 ¹
572 4203 616 4255 Sic
635 4203 663 4252 io
681 4203 806 4268 editione;
825 4203 935 4255 anulum
948 4203 1448 4270 protioeolopidoomutnmdeeignere
1460 4202 1575 4252 videtur.

543 4289 554 4320 ¹
572 4293 648 4343 (loni
668 4293 744 4344 Ovio.
765 4294 872 4344 Motum.
892 4295 913 4356 1,
934 4291 993 4346 100.

544 4377 555 4410 ⁸
572 4382 667 4433 Pastor
685 4381 730 4432 ilie
743 4382 923 4450 Vergilianus,
941 4399 1020 4448 quem
1039 4388 1118 4447 poeto
1136 4381 1251 4434 canendi
1270 4381 1378 4449 quidem
1396 4381 1511 4447 peritum
1524 4379 1577 4430 Ρι·

435 4471 531 4540 nisque
555 4471 598 4522 dei
617 4471 778 4538 discipulum
796 4471 881 4539 tingit,
899 4472 947 4523 ned
965 4478 1056 4523 cetere
1074 4471 1185 4522 etnltum
1205 4470 1332 4538 appellet.
1351 4469 1409 4522 mr.
1422 4471 1458 4534 11,
1471 4467 1507 4522 28
1518 4483 1576 4535 sqq.

544 4559 555 4591 ⁴
575 4561 709 4613 iuvenem
727 4567 778 4612 eut.
799 4560 823 4626 1,
841 4561 877 4614 39
895 4567 922 4613 et
940 4560 966 4625 6,
985 4559 1021 4614 64
1039 4561 1067 4612 in
1086 4561 1241 4613 memorium
1258 4565 1375 4612 revocat.

543 4647 555 4678 ⁵
572 4650 723 4702 Stsuieiune
741 4649 840 4701 Hosius
859 4650 916 4702 rive
935 4650 1023 4714 Oriun,
1043 4656 1100 4701 tum
1117 4649 1263 4703 eunoniour
1275 4647 1455 4701 cracoviensis
1468 4662 1501 4700 ne
1514 4661 1578 4698 eun·

433 4739 611 4804 dominicum,
630 4744 689 4791 eret
707 4739 777 4790 inter
796 4738 949 4791 Meeieiovii
968 4739 1077 4792 emiooe.

544 4825 671 4882 ‘Senum
689 4846 785 4882 uxoreo
804 4829 939 4882 adulterer
959 4829 1055 4897 tangit.
