4109 5767
537 683 605 748 246
994 700 1072 736 run
1092 701 1181 736 anam

541 766 834 787 Q
1150 767 1461 776 ——-—----——-
1474 765 1684 776 --—--=-——

647 888 742 970 Quae
764 911 829 954 non
853 889 1015 973 audierat,
1032 911 1117 976 quae
1138 890 1212 975 quis
1235 912 1301 954 nou
1323 889 1461 973 viderat,
1483 886 1549 974 illa,

692 993 791 1059 Adsit
814 995 841 1060 si
865 993 1015 1083 pretium,
1039 993 1168 1080 viderit,
1190 994 1340 1060 audierit.

648 1101 739 1188 Visa,
762 1099 875 1168 audita
898 1111 1002 1190 potest
1025 1100 1120 1168 dives
1143 1101 1207 1168 sibi
1229 1123 1397 1191 quaerere3
1421 1101 1545 1168 uuunmi

693 1209 778 1278 Sunt
800 1232 905 1298 aures,
928 1209 1014 1277 oeuli
1040 1233 1167 1300 semper
1189 1211 1224 1276 in
1247 1209 1392 1277 arbitrio.

565 1340 615 1386 aa.
644 1318 720 1386 Non
743 1319 836 1406 vidit,
860 1321 888 1386 si
911 1345 992 1410 opus
1015 1331 1073 1407 est,
1097 1318 1187 1387 eaelo
1209 1342 1293 1409 quae
1314 1318 1399 1387 vidit
1420 1329 1545 1409 apertu

693 1428 755 1494 Est
777 1430 833 1516 qui
854 1429 947 1520 lynx,
970 1431 998 1496 si
1022 1430 1080 1495 des
1103 1451 1248 1515 munera,
1270 1451 1389 1496 metus
1411 1431 1482 1495 erit

649 1533 806 1622 Quaeque
828 1538 902 1623 quis
925 1536 1076 1621 erudierit,
1098 1537 1250 1602 mercede
1271 1536 1384 1602 auditu
1406 1535 1548 1622 negabit,

692 1641 737 1708 lu
760 1643 787 1707 si
811 1641 966 1730 deposeat
988 1666 1042 1708 res
1064 1654 1130 1728 tua,
1153 1643 1274 1708 surdus
1296 1643 1367 1708 erit.

647 1747 760 1815 Verba
782 1751 994 1836 magistratus
1018 1773 1152 1815 nummu
1174 1773 1234 1815 stru
1258 1749 1383 1816 vendit:
1407 1759 1439 1816 et
1462 1747 1517 1812 ille

566 1877 614 1923 ao.
691 1855 794 1941 Vivit,
816 1858 872 1946 qui
896 1858 1005 1924 curvis
1029 1881 1105 1924 esea
1128 1859 1259 1924 sutunn
1281 1868 1359 1923 erat

647 1960 770 2051 Pupilli
793 1963 907 2052 lugent
928 1975 961 2032 et
984 1986 1097 2032 eaesae
1120 1965 1259 2054 coniuge
1281 1976 1402 2032 matres

691 2069 735 2135 lu
756 2091 815 2156 per
836 2081 1013 2156 egestatem
1036 2073 1092 2159 qui
1115 2093 1288 2138 numerere
1311 2071 1431 2157 nequit

648 2175 796 2240 Divitiae
819 2177 969 2258 vineuut3
993 2187 1168 2264 paupertas
1191 2177 1280 2241 nuda
1302 2175 1438 2256 recedit3

691 2279 878 2347 Nummutis
901 2281 1007 2348 diseat
1030 2281 1155 2368 eederu,
1177 2281 1324 2369 quisquis
1346 2290 1428 2367 eget.

565 2407 614 2452 aa.
645 2384 739 2467 Quae
761 2411 951 2476 expugnare
973 2389 1089 2476 nequis
1111 2400 1144 2454 et
1167 2390 1290 2454 frustra
1313 2399 1417 2453 marte
1439 2387 1558 2473 fatiges

692 2495 830 2582 Moenia,
853 2506 950 2562 erunt
973 2497 1116 2563 urruuuis
1140 2519 1216 2562 mox
1240 2496 1402 2585 pateiuetu
1425 2495 1499 2561 tuis.

649 2602 721 2668 Huu
744 2603 800 2670 flet
821 2605 990 2694 Tarpeius,
1013 2606 1117 2694 pretio
1139 2629 1236 2694 quem
1259 2605 1386 2693 perdita
1408 2615 1504 2693 psetu

693 2709 779 2776 Filia
804 2711 952 2778 femineis
975 2714 1068 2779 exuit
1090 2735 1165 2780 aree
1189 2712 1273 2778 dolis
1285 2719 1305 2778 ¹.

648 2816 865 2905 Testaturque
888 2819 1046 2906 Ephesus,
1070 2822 1200 2885 Brenno
1222 2842 1305 2906 quae
1327 2818 1456 2906 prodita
1479 2817 1557 2902 regi,

566 2946 614 2989 ru.
690 2923 764 2988 Non
789 2946 921 2990 eessura
944 2927 1036 3011 viris,
1059 2948 1193 2991 munere
1216 2937 1313 3013 eupta
1336 2926 1430 2990 fuist

648 3029 844 3097 Pontificum
868 3033 999 3118 victrix,
1023 3033 1209 3120 victrixque
1232 3032 1371 3120 pecunia
1393 3053 1508 3118 regum
1530 3041 1593 3113 est3

694 3137 841 3225 Illorum,
863 3163 927 3227 quu
951 3139 1032 3225 vult,
1054 3150 1169 3228 peetus
1192 3150 1225 3207 et
1247 3163 1305 3205 ora
1327 3137 1436 3204 trahit

648 3244 761 3334 Nuper
783 3270 867 3335 quau
890 3246 1074 3314 abnuerant
1095 3259 1128 3314 et
1151 3246 1270 3313 uuerbe
1293 3269 1374 3313 νοω
1396 3255 1563 3332 negarant

697 3353 787 3421 llaec
810 3356 890 3444 fieri,
913 3380 1067 3423 rrurunuus
1091 3380 1166 3423 mox
1191 3356 1247 3423 ubi
1271 3355 1371 3442 fulsit,
1394 3364 1514 3422 amant

567 3484 615 3529 ru.
646 3462 690 3528 Et
713 3465 873 3552 promisse
895 3478 1017 3554 negant
1040 3477 1154 3533 eontra
1176 3477 1273 3554 atque
1296 3465 1420 3532 oblivia
1441 3464 1581 3552 fingunt,

693 3571 777 3639 Oum
799 3572 956 3663 lucroque
979 3585 1095 3663 putant
1118 3575 1233 3641 fallere
1255 3573 1353 3641 dulee
1375 3573 1482 3661 fidem,

649 3678 778 3745 Interea
800 3704 935 3747 nummo
959 3687 1059 3747 eum³
1081 3693 1172 3746 tuate
1195 3681 1318 3748 tributa
1339 3691 1489 3769 potestus,

693 3785 740 3850 Ut
762 3798 844 3852 nutu
867 3787 1028 3852 humanus
1051 3809 1103 3852 res
1127 3799 1219 3873 regat
1241 3787 1297 3853 ilie
1319 3811 1387 3852 suo.

649 3888 710 3955 Ille
732 3889 894 3978 palatinos
917 3915 996 3956 auro
1019 3904 1069 3957 est
1091 3902 1255 3958 mercatus
1277 3892 1424 3977 honores,

567 4016 615 4060 au.
691 3999 799 4084 Atque
822 3997 935 4062 minax
959 3997 1046 4063 euleu
1070 3999 1232 4085 prinusidet
1254 3999 1289 4062 in
1312 3997 1400 4063 uilio.

652 4102 716 4168 Hie
740 4103 870 4169 seuudit
892 4127 1046 4191 summus,
1070 4105 1144 4170 imis
1167 4104 1256 4169 haud
1280 4103 1408 4191 dignus,
1431 4103 1473 4167 ud
1497 4125 1581 4189 um,

695 4212 804 4297 Atque
826 4222 972 4298 emptum
994 4211 1098 4277 multu
1120 4212 1264 4299 possidet
1287 4233 1361 4275 uere
1383 4211 1503 4298 pedum
1513 4217 1535 4274 ⁴.

541 4387 749 4398 ——.-—

652 4495 756 4547 ¹Coni.
776 4495 835 4549 Lir.
855 4497 877 4559 1,
897 4494 940 4560 11,
959 4494 976 4548 6
994 4513 1051 4562 sqq.

651 4582 756 4636 'Ceut
776 4585 915 4638 Plutarchi
934 4587 1034 4637 Purall.
1054 4587 1117 4636 rnin.
1138 4586 1180 4638 15.

652 4673 663 4703 ³
681 4677 806 4726 Fortasse
825 4677 942 4742 ltoyaius
960 4676 1080 4742 scripsit:
1100 4679 1131 4726 ln
1150 4685 1224 4727 terra
1241 4692 1349 4727 nummo
1367 4676 1421 4726 ium
1442 4681 1562 4726 tauta...

649 4763 660 4792 ⁴
680 4764 788 4815 Lituum
808 4767 935 4832 episcopi,
958 4766 1004 4832 qui
1024 4766 1105 4832 vulgo
1123 4767 1258 4832 pustoruie
1276 4766 1382 4818 dieitur.
