4109 5767
716 753 753 789 aa
771 753 902 790 rotoma
921 754 1004 790 arura
1023 754 1166 796 aaronem
1184 754 1324 790 rarorum.
1568 740 1588 802 '¹1

495 965 522 1012 a.
552 945 728 1012 Mutamus:
751 945 874 1033 Regem
898 955 934 1011 ut
958 945 1127 1011 dominum
1147 945 1362 1013 maestissima
1380 946 1544 1036 plangam,

607 1053 660 1118 En
683 1061 861 1140 oooptram3
884 1050 992 1118 iuotua
1016 1052 1060 1118 da
1082 1050 1173 1138 mihi,
1195 1074 1310 1142 cyano,
1332 1062 1414 1118 tuor.

995 1241 1041 1307 11.

874 1386 891 1418 ⁴
907 1387 948 1438 Da
966 1401 1030 1453 rega
1051 1391 1164 1438 mortuo.

554 1491 640 1556 Puoo
662 1489 893 1577 Sigiamundua
916 1511 975 1556 rex
998 1488 1147 1577 belloque
1168 1489 1302 1556 inolitus
1325 1489 1413 1576 oiim,

607 1596 681 1676 Quo
704 1594 785 1661 nihil
808 1596 841 1661 iu
866 1596 961 1662 torris
984 1595 1140 1680 aanotiua,
1162 1593 1325 1661 oauubuit.

556 1702 726 1791 Sarmatia,
749 1703 928 1792 Augustus,
952 1700 1465 1792 Bouaiugant31aatuaubiqua
1488 1713 1539 1772 ost

609 1813 701 1880 Haeo
722 1835 841 1901 ragom,
864 1822 990 1900 patrum
1012 1809 1076 1897 hio,
1098 1811 1179 1878 orba
1200 1810 1256 1878 flat
1277 1808 1335 1877 ilia
1356 1811 1475 1878 virum.

492 1940 522 1984 o.
552 1918 642 1987 Orba
665 1921 773 1986 viram
795 1920 887 1986 Boua
909 1919 973 2005 flat,
995 1928 1120 2007 patrem
1142 1927 1188 2004 tu,
1211 1920 1369 2006 Augusto,
1395 1918 1453 1986 aad
1476 1920 1545 2008 ipae

608 2027 652 2092 Et
673 2035 800 2115 patrum
820 2025 968 2114 popalus,
990 2024 1077 2113 quod
1100 2047 1226 2113 quoque
1248 2023 1362 2111 plorat,
1383 2025 1438 2091 ait

555 2133 712 2222 Namque,
743 2142 779 2198 at
801 2133 961 2222 regnavit,
990 2130 1148 2220 populum
1177 2129 1365 2198 moderatur
1394 2139 1431 2197 ut
1453 2131 1508 2199 illa
1530 2141 1589 2220 aot,

608 2241 682 2307 Nou
705 2251 771 2306 tam
794 2263 854 2308 rex
876 2239 996 2330 popuii,
1018 2262 1117 2330 quam
1140 2239 1204 2306 fuit
1225 2237 1281 2306 illa
1302 2249 1403 2329 pater.

988 2435 1052 2502 111.

554 2561 626 2627 Rex
649 2584 709 2648 ago
731 2560 960 2629 Sauromatum
983 2559 1105 2625 morior
1127 2558 1224 2647 longo
1246 2557 1371 2626 obsitus
1394 2581 1484 2644 aava,

609 2666 812 2734 Oooabuiaaa
833 2664 911 2731 lioot
934 2664 1079 2731 creditus
1103 2674 1178 2730 anta
1200 2663 1297 2729 diam.

554 2771 639 2837 Roxi
661 2770 748 2854 olim,
770 2769 877 2855 rotuli,
902 2767 988 2835 uolui
1011 2791 1079 2854 rex,
1102 2768 1213 2854 hostia,
1235 2768 1362 2833 amioaa

608 2877 705 2964 Lege„
728 2897 837 2962 manu,
860 2875 966 2962 iactis,
988 2897 1100 2962 regna,
1122 2882 1263 2961 tropaea
1286 2871 1416 2939 fidem&

495 3003 523 3050 o.
552 2983 606 3050 Mo
628 2983 790 3050 exstincto
813 2982 901 3048 aives
923 2980 1047 3068 lugent,
1068 2980 1239 3046 tristantur
1261 2979 1373 3062 amioi3

610 3089 737 3176 Hortos,
759 3087 862 3178 quid?
885 3087 1038 3154 lacrimas
1061 3109 1126 3152 non
1150 3096 1282 3152 tanuara
1305 3087 1396 3151 auaui

552 3196 640 3262 Nam
661 3196 810 3286 quamvis
832 3217 935 3284 grava
958 3194 1001 3260 ait
1023 3193 1122 3280 vinei,
1145 3203 1179 3259 at
1200 3191 1324 3258 viatore
1346 3191 1488 3281 benigno

609 3304 740 3369 Amisso
763 3325 906 3388 oausam,
929 3325 989 3370 aar
1010 3301 1096 3387 fleat,
1117 3298 1220 3366 hostia
1242 3298 1350 3366 habat

991 3493 1050 3559 IV.

557 3619 636 3686 Uita
658 3618 904 3706 Sigiomundum
928 3639 1013 3684 mors
1038 3615 1179 3684 abstulit.
1209 3615 1270 3682 Illa
1291 3614 1371 3704 quid
1394 3615 1515 3682 auaua?

611 3727 695 3795 Ooor
717 3736 787 3793 orat
809 3724 895 3812 balli,
917 3724 1009 3814 pacis
1032 3723 1158 3791 amioua
1180 3732 1259 3790 arat.

999 3918 1041 3982 V.

682 4062 754 4126 Quia
771 4062 815 4112 dia
834 4061 935 4111 ebriati
952 4059 1160 4110 rerurrectionis
1178 4050 1259 4108 aneio
1277 4059 1354 4110 obiit.

558 4165 787 4233 Sauromatum
808 4185 920 4250 rogam
942 4161 1071 4228 rodiano
1095 4171 1190 4252 styga
1211 4160 1361 4229 Christus
1382 4159 1425 4228 ab
1448 4161 1524 4244 ima,

611 4270 736 4338 Ultima
758 4292 833 4336 aum
857 4279 970 4335 sanato
991 4268 1121 4336 laxarat
1143 4266 1224 4334 hora
1247 4267 1326 4354 aeni,

559 4378 723 4466 Corripuit
745 4377 861 4444 dextra
883 4377 1074 4443 morientem
1096 4386 1192 4464 atquo
1215 4374 1325 4441 intulit
1347 4373 1461 4440 autriaz

612 4484 725 4551 Noluit
746 4485 891 4552 infernas
914 4491 1061 4550 aornarat
1082 4482 1137 4549 illa
1159 4481 1280 4548 domos.

453 4633 659 4644 *-

561 4717 688 4785 ¹1uugo:
714 4718 781 4769 Bari
806 4717 870 4769 olim
894 4733 941 4769 τοι
958 4717 1019 4784 laga
1037 4729 1130 4784 ragau,
1154 4715 1235 4767 rotuli
1258 4715 1343 4767 horti·
1367 4729 1450 4766 mana
1474 4717 1594 4780 tropaea]

450 4807 525 4860 aulai
543 4806 646 4858 amioaa
665 4805 745 4859 fratis
763 4805 849 4858 fidam.
