4109 5767
674 794 812 845 LXXVIII
1167 812 1322 848 rssrrsrro.

674 1002 858 1090 aequalium
882 1025 981 1090 opera
1005 1002 1136 1068 facilius
1159 1002 1343 1090 suspiceris,
1366 1025 1463 1090 quam
1486 1002 1696 1069 demonstres.
1727 1002 1802 1067 Nam

674 1110 708 1173 in
732 1109 811 1196 ipsis
834 1109 1066 1174 Decisionibus
1090 1119 1246 1195 provocat
1269 1106 1374 1173 solam
1398 1108 1440 1173 ad
1463 1108 1552 1175 Petri
1575 1109 1691 1176 Criniti
1713 1108 1803 1173 libros

676 1215 730 1281 Da
753 1215 887 1281 honesta
911 1213 1086 1303 disciplina
1108 1215 1162 1299 (V,
1188 1216 1263 1297 135)
1286 1226 1496 1303 reconsetque
1519 1216 1685 1281 Laurentii
1701 1215 1805 1281 Vallac

677 1322 825 1410 singulas
847 1323 1026 1389 sententias
1049 1322 1121 1410 (lv,
1146 1324 1210 1387 114
1232 1334 1265 1389 et
1288 1322 1328 1409 V,
1355 1325 1416 1409 16),
1447 1347 1489 1390 ex
1516 1324 1714 1390 carminibus
1735 1347 1806 1389 vero

673 1433 743 1499 eius
766 1432 874 1500 elucet
896 1433 953 1519 (ΙΙ,
977 1435 1051 1517 101,
1075 1432 1151 1520 ΙΙΙ),
1180 1434 1266 1499 inter
1297 1433 1513 1501 bibliothecae
1542 1435 1613 1500 eius
1644 1435 1747 1523 copias
1774 1436 1806 1499 in

674 1538 810 1606 Polonia
833 1540 934 1607 luisse
957 1539 1079 1606 librum
1102 1541 1270 1606 I'raucisci
1295 1541 1468 1607 Petrarcas
1495 1542 1548 1607 De
1571 1542 1725 1608 varietate
1746 1530 1825 1606 ior?

674 1656 781 1711 tunae.
805 1646 869 1714 Sed
892 1668 967 1712 cnm
991 1645 1251 1713 consideraveris
1273 1670 1338 1711 non
1362 1650 1507 1736 potuisse
1529 1648 1609 1733 lieri,
1633 1660 1668 1713 ut
1688 1650 1808 1734 ignora-

674 1764 724 1818 ret
748 1752 868 1818 Alciati
893 1755 1041 1819 carmina
1064 1755 1263 1842 Antoniiquc
1285 1756 1477 1843 Augustmi,
1500 1756 1596 1820 amici
1621 1757 1688 1839 sui,
1710 1778 1809 1843 opera,

673 1882 812 1948 quorum
836 1862 970 1928 notitiae
993 1861 1170 1927 admodum
1194 1865 1314 1950 exigna
1338 1874 1526 1930 manserunt
1557 1864 1590 1929 in
1619 1862 1810 1929 carminibus

671 1972 742 2036 cius
766 1970 904 2057 vestigia
927 1970 984 2057 (ll,
1006 1972 1095 2056 491),
1128 1971 1225 2039 facilc
1247 1971 1407 2039 concedes
1431 1972 1542 2059 nardus,
1572 1974 1602 2039 ci
1623 1984 1697 2038 notu
1719 1983 1810 2061 atquc

673 2079 858 2163 familiaria,
881 2104 923 2146 ex
940 2081 1070 2169 scriptis
1086 2081 1157 2147 eius
1172 2082 1266 2147 nobis
1282 2105 1346 2147 non
1363 2082 1550 2149 innotuisse.
1573 2082 1667 2150 Ocnl.
1683 2084 1725 2168 ΙΙ,
1743 2083 1811 2169 100,

671 2188 745 2254 let
768 2189 815 2271 113
843 2190 915 2273 199,
939 2188 987 2272 113
1011 2191 1054 2254 66
1077 2212 1145 2277 sqq.
1172 2194 1222 2256 ll.
1259 2192 1372 2279 Neque
1397 2214 1483 2277 vero,
1514 2193 1540 2256 si
1572 2191 1658 2257 banc
1683 2214 1811 2257 remex

675 2296 892 2361 imitationum
917 2297 950 2361 in
975 2297 1177 2362 carminibus
1199 2297 1313 2387 Royzii
1331 2322 1559 2388 expressarum
1576 2299 1706 2364 indiciis
1721 2301 1813 2364 aesti-

675 2424 765 2468 mare
789 2404 925 2489 coneris,
948 2404 1122 2491 quicquam
1147 2404 1308 2492 proficies3
1339 2406 1494 2470 nimiruum
1519 2407 1560 2491 is,
1589 2407 1645 2493 qui
1668 2407 1814 2494 antiquos

675 2520 785 2597 poetas
809 2510 959 2577 servilem
984 2512 1017 2575 in
1041 2509 1174 2577 modum
1199 2512 1303 2577 noluit
1325 2514 1430 2601 sequi,
1460 2512 1644 2601 aequalium
1668 2515 1815 2601 antiquos

675 2616 871 2683 imitantium
897 2619 1037 2705 vestigia
1059 2644 1097 2685 eo
1121 2621 1228 2685 urinus
1253 2624 1407 2708 pressissu
1434 2633 1484 2687 cst
1507 2622 1683 2711 putandus,
1715 2624 1758 2687 ita
1783 2636 1816 2687 ut

675 2734 805 2791 vastum
831 2725 922 2791 illum
947 2724 1089 2792 luborcm
1116 2727 1217 2793 multu
1242 2728 1331 2793 milia
1356 2752 1507 2795 versuum
1533 2732 1618 2795 iutcr
1633 2753 1668 2795 sc
1687 2751 1817 2816 1111111111-

676 2830 772 2897 rundi
796 2834 961 2921 suscipere
985 2836 1044 2899 vix
1067 2857 1183 2922 operae
1208 2837 1345 2923 prctium
1371 2836 1518 2902 futurum
1542 2836 1702 2903 videatur.
1724 2838 1818 2904 Certe

674 2938 828 3028 Rcyziua,
852 2962 927 3005 cum
950 2964 1053 3029 aeque
1075 2963 1116 3006 ac
1131 2942 1287 3026 Alciatus,
1312 2945 1362 3007 cni
1381 2967 1416 3009 se
1436 2942 1576 3031 plurima
1591 2943 1710 3008 debere
1724 2957 1819 3028 grato

676 3044 787 3108 animo
811 3045 978 3131 profitetur
1000 3047 1058 3130 (ΙΙ,
1082 3048 1144 3113 321
1170 3070 1247 3135 sqq,
1273 3051 1288 3113 1
1314 3058 1347 3112 ct
1365 3052 1407 3132 2),
1430 3049 1666 3136 epigrammata
1689 3070 1821 3135 compo

677 3151 787 3235 suerit,
811 3154 1010 3240 praeceptori
1036 3176 1095 3219 suo
1118 3155 1150 3218 in
1175 3154 1237 3218 hoc
1259 3177 1378 3241 genere
1403 3157 1568 3220 rarissime
1591 3154 1707 3219 similis
1726 3155 1822 3221 inve-

675 3258 773 3324 nitur.
812 3257 959 3324 Alciatus
983 3262 1153 3326 materiam
1177 3260 1465 3350 condicionemque
1491 3285 1624 3328 suorum
1655 3264 1822 3350 epigram-

675 3376 798 3432 matum
830 3368 875 3432 ita
906 3366 1080 3457 descripsit
1114 3369 1345 3454 (Emblematm
1381 3370 1516 3460 praefat.
1548 3370 1602 3437 lib.
1633 3369 1649 3435 I
1683 3394 1821 3459 operum

675 3474 823 3541 basileae
846 3500 874 3542 a.
899 3478 986 3544 1582
1009 3478 1085 3544 cdit.
1109 3478 1172 3546 vol.
1196 3480 1271 3565 IV):

836 3624 906 3674 Dum
927 3640 1022 3691 pucros
1041 3625 1157 3693 ingiam,
1177 3627 1286 3679 invenes
1304 3628 1367 3679 dum
1387 3636 1488 3680 tessera
1507 3627 1585 3685 ratris.

941 3716 1051 3766 Detinet
1069 3726 1097 3768 at
1115 3732 1211 3783 segnes
1229 3719 1354 3770 chartula
1374 3720 1446 3785 picta
1466 3719 1548 3770 viros:

836 3805 911 3863 Ilaec
930 3821 978 3855 nos
999 3806 1103 3857 festivis
1122 3807 1284 3858 emblemata
1303 3808 1424 3861 cudimus
1443 3808 1515 3859 boris

941 3894 1080 3945 Artificum
1101 3895 1200 3946 illustri
1220 3898 1349 3963 signaque
1369 3900 1443 3949 lactu
1461 3914 1586 3949 anana...
1606 3904 1668 3949 cett.

675 4015 832 4083 Similiter
862 4017 1023 4107 Bupalus,
1054 4031 1195 4085 uttamcn
1228 4033 1259 4086 ct
1290 4021 1385 4087 alitcr
1414 4034 1446 4087 ct
1476 4024 1545 4085 suis
1571 4020 1829 4086 condicionibus

680 4125 912 4189 convenienter
935 4125 1032 4190 buius
1055 4126 1105 4192 cd.
1130 4128 1193 4192 vol.
1216 4128 1261 4213 ΙΙ,
1283 4152 1336 4215 pg.
1359 4131 1434 4213 222,
1456 4131 1557 4216 epigr.
1580 4128 1674 4193 VIII.

782 4228 1034 4296 Similitudincm
1049 4234 1212 4318 quandam
1229 4236 1378 4300 invenias
1394 4237 1479 4299 iuter
1494 4234 1608 4322 lloyaii
1626 4235 1664 4318 (Ι,
1680 4237 1727 4298 24
1745 4239 1832 4319 sqq.)

677 4344 775 4419 atque
798 4335 934 4400 Zanchii
959 4338 1129 4403 Somnium
1152 4340 1339 4426 (Antologia
1362 4340 1448 4406 della
1472 4342 1565 4405 lirica
1589 4340 1700 4423 launa,
1717 4340 1832 4421 Costa,

676 4461 730 4525 pg.
756 4442 819 4505 179
843 4448 933 4528 sqq),
956 4466 1039 4530 quae
1063 4457 1171 4509 tamon
1196 4446 1273 4511 inde
1296 4458 1366 4511 crta
1381 4471 1453 4512 essc
1470 4446 1609 4531 videtur,
1632 4447 1721 4533 quod
1742 4457 1832 4509 utor-

675 4568 739 4631 que
764 4546 874 4612 Ovidii
900 4552 1058 4615 Amorum
1083 4550 1102 4615 l.
1126 4552 1178 4617 ΙΙΙ
1202 4552 1282 4639 eleg.
1309 4557 1330 4619 b
1354 4553 1536 4618 aemulatus
1566 4565 1623 4618 ost.
1661 4552 1832 4616 Tcnuiorc

675 4653 773 4716 ctiam
808 4654 978 4722 ullirritutis
1009 4658 1142 4724 vinculo
1174 4660 1348 4727 cobucrcut
1379 4662 1491 4751 lloyzii
1525 4662 1770 4749 epigrammata
1802 4660 1832 4723 iu

676 4760 802 4847 efligies
827 4763 990 4831 clarorum
1014 4769 1159 4833 virorum
1185 4772 1361 4858 composita
1388 4772 1445 4856 (ΙΙ,
1471 4772 1534 4835 194
1558 4794 1616 4858 sq.;
1640 4771 1723 4850 2153
1750 4771 1832 4852 2202

675 4876 760 4933 cum'
775 4871 937 4938 slmilibus
960 4874 1057 4941 buius
1080 4879 1152 4942 ccvi
1178 4890 1353 4965 pacturum,
1377 4878 1479 4944 veluti
1495 4902 1570 4944 cunr
1586 4879 1832 4965 cpigranunatc
