4109 5767
825 786 860 822 os
878 779 1045 824 ιιιϊιιιιοιιιο
1064 787 1154 824 ssaso.
1493 763 1562 840 205

419 865 728 878 .......--........-.
735 851 1441 879 *Ἢ
1455 858 1559 880 Ε

523 975 740 1063 Ooueoendst,
762 977 920 1066 regnique
941 977 1036 1044 (lates
1059 978 1208 1046 desumat
1230 976 1384 1047 habenas.

420 1107 492 1151 ass.
526 1085 691 1151 Instauret
712 1093 842 1172 gentem
866 1105 927 1150 neo
949 1106 1014 1150 non
1038 1094 1070 1151 et
1091 1095 1169 1152 nota
1191 1099 1324 1153 suoram

523 1191 673 1276 Nomina,
696 1199 761 1256 stat
782 1213 920 1278 quorum
943 1191 1050 1280 gentis
1073 1190 1204 1258 fortuna
1227 1191 1363 1282 polense

523 1291 699 1384 Auspiciis,
722 1318 788 1384 pax
812 1297 882 1362 sive
904 1297 984 1362 viris
1007 1297 1226 1384 pulcherrima
1249 1299 1340 1366 cordi
1363 1309 1421 1384 est,

526 1401 589 1469 Seu
613 1411 737 1467 oertare
760 1423 859 1466 manu
882 1401 988 1488 planet
1010 1410 1043 1468 et
1066 1402 1239 1470 deseruere
1261 1403 1354 1470 bello.

614 1506 698 1593 Heu,
720 1495 845 1595 quoties
868 1506 1004 1594 sceptris
1027 1516 1061 1574 et
1081 1530 1183 1596 regno
1205 1508 1311 1576 defuit
1333 1509 1436 1595 heres,

420 1634 490 1680 aso.
525 1612 590 1695 Qui
613 1621 719 1678 motus
743 1635 794 1678 res
817 1613 1017 1700 sarmaticus,
1040 1636 1124 1702 quae
1145 1637 1241 1703 egere
1263 1615 1400 1705 periolsl

525 1719 572 1787 Ut
595 1719 717 1787 fractas
740 1717 824 1786 odiis
846 1719 984 1787 nimium
1007 1719 1162 1811 fusasque
1185 1745 1318 1790 suorum

525 1827 618 1894 Vidit
640 1828 748 1916 prisea
771 1836 859 1894 aetas
883 1838 915 1894 et
938 1851 995 1916 spe
1017 1829 1088 1898 sine
1110 1830 1226 1898 oedere
1248 1833 1346 1898 rebel

524 1935 681 2002 Dissidiis
704 1933 804 2002 sensit
826 1935 935 2002 varios
958 1936 1143 2026 respublica
1166 1955 1262 2005 ossus

524 2041 706 2108 Debilitata
728 2041 806 2128 suis,
829 2042 929 2108 armis
953 2043 1107 2110 civilibus
1129 2043 1207 2110 olim

422 2171 492 2216 sss.
528 2148 723 2218 Sarmatiam
748 2147 838 2214 nullo
859 2149 1086 2238 grassantibus
1108 2150 1200 2218 hoste
1221 2165 1439 2240 peromnem.

614 2256 786 2324 Exstincto
809 2255 918 2324 Looho
941 2265 1071 2348 totoque
1093 2259 1271 2349 propagine
1294 2260 1362 2327 sato

527 2365 673 2453 Sublata,
696 2388 772 2433 eum
796 2365 853 2454 qui
875 2365 1012 2456 seoptris
1035 2366 1233 2458 soaoedomt,
1255 2366 1350 2438 heres

525 2472 645 2540 Nullus
667 2483 737 2541 eret
759 2475 856 2562 primi
879 2473 981 2541 Leobi
1003 2474 1046 2542 de
1067 2486 1164 2563 gente
1187 2498 1351 2564 supremas

525 2580 653 2646 Divisis
674 2599 787 2668 regare
809 2580 954 2667 imperiis
976 2589 1009 2648 et
1032 2580 1181 2648 soindere
1202 2586 1364 2670 ιιιςιιιιιιιι

423 2709 493 2754 sao.
529 2686 729 2754 Sauromatis
753 2693 885 2752 steterat
906 2686 1055 2774 panibus
1078 2688 1238 2754 sententia
1260 2688 1388 2754 ouantis
1410 2725 1455 2737 -

528 2792 613 2876 Heu,
635 2790 721 2857 male
743 2789 914 2857 oonsultis:
937 2791 1044 2878 viguit
1065 2815 1149 2880 quae
1171 2815 1248 2880 rege
1270 2793 1332 2859 sub
1355 2815 1421 2859 uno

526 2895 658 2982 Leohia,
680 2895 732 2963 bis
756 2897 843 2962 senis
866 2896 1014 2985 patribus
1038 2898 1211 2964 eommissa
1232 2896 1345 2966 labare

527 3004 650 3093 coepit,
672 3013 704 3071 et
725 3003 761 3069 in
783 3021 938 3094 praeceps
961 3027 1120 3072 oonoussa
1142 3004 1335 3073 tumultibus
1357 3006 1414 3073 ira

528 3111 616 3180 Hine
638 3111 740 3179 hostis
761 3111 889 3203 premit,
910 3110 987 3181 inde
1002 3112 1116 3180 hostis:
1140 3113 1250 3182 fremit
1264 3113 1410 3204 undique
1429 3110 1564 3201 bellam,

425 3242 494 3288 aas.
528 3222 572 3287 Et
593 3242 695 3309 regno
717 3219 884 3289 excidium
908 3229 996 3288 seete
1018 3241 1235 3310 oceanumque
1257 3222 1410 3289 minator.

528 3328 598 3395 Neo
619 3328 749 3395 viainus
772 3351 849 3417 opes
871 3327 975 3396 Leohi
996 3329 1079 3418 petit
1101 3324 1216 3413 hostis3
1238 3339 1272 3396 et
1293 3329 1356 3418 ipsi

527 3434 637 3502 Terris
661 3434 801 3502 submoti
824 3444 857 3502 et
876 3445 972 3502 vasto
993 3434 1108 3524 proool
1131 3458 1269 3524 aequore
1290 3434 1380 3504 Galli

529 3539 724 3608 Sanmatiam
746 3541 846 3608 exeiti
869 3558 996 3628 venere,
1019 3551 1053 3609 et
1074 3542 1222 3609 tristibus
1244 3543 1344 3609 armis

527 3645 712 3715 vastabunt
735 3646 833 3715 urbes
855 3647 920 3715 late
942 3648 1092 3737 belloque
1114 3649 1312 3739 premebant.

425 3776 495 3822 sto.
530 3755 573 3820 Et
588 3754 713 3840 nisi,-
725 3777 777 3822 res
792 3753 962 3822 hominum
977 3763 1013 3822 ut
1028 3756 1121 3824 Deus
1135 3764 1185 3824 est
1201 3757 1373 3824 nuiseratas
1388 3773 1564 3846 egenas,-

527 3859 682 3928 Arbitriis
704 3858 815 3950 populi
836 3859 940 3928 lentus
963 3861 1152 3929 melioribus
1175 3885 1251 3930 soar

528 3965 723 4034 Graoohns¹
746 3966 926 4034 Sarmatiae
949 3985 1027 4034 mox
1050 3968 1259 4056 oorripuisset
1280 3967 1434 4056 habenas,

530 4125 647 4178 ¹uuisto
664 4125 831 4192 interpungit
848 4125 907 4177 eolo
925 4132 985 4192 post
1003 4127 1088 4177 verbs
1108 4127 1213 4189 „nullus
1231 4128 1305 4178 esst·
1329 4132 1358 4178 st
1375 4127 1471 4179 deinde
1492 4133 1562 4194 postu

425 4215 561 4282 „scindere
579 4213 717 4280 regnasu‘3
735 4227 885 4280 perperam,
903 4214 1004 4282 opinor.

529 4300 589 4355 'lu
606 4301 746 4356 duodwlm
764 4302 861 4355 dacum
880 4318 927 4355 ssu
946 4303 1126 4369 palatinorum
1144 4303 1230 4372 regni.
1248 4303 1388 4356 Gallorum
1403 4303 1560 4370 irruptionis

422 4391 591 4458 (lraoahiqae
609 4407 657 4443 son
675 4391 754 4444 crasi
772 4371 910 4444 electionis
929 4391 1108 4461 descriptione
1132 4392 1209 4460 sequi
1228 4393 1334 4444 videtur
1356 4392 1476 4445 Mstbiso
1494 4393 1563 4446 ms·

423 4483 547 4536 obovltss
577 4479 711 4533 chronica
740 4495 764 4532 s.
797 4479 865 4534 1521
894 4481 1040 4533 Osseoviss
1067 4483 1198 4549 impressa
1228 4488 1276 4534 aut
1309 4483 1424 4534 tortasse
1456 4481 1560 4534 Bislskt

423 4571 530 4636 librum,
549 4587 574 4637 q.
594 4570 611 4622 l.
631 4569 761 4635 Kronika,
780 4569 926 4624 Oraoaviao
945 4585 969 4622 a.
991 4569 1062 4625 loeo
1085 4571 1194 4623 edituum
1232 4573 1281 4636 Ba,
1300 4586 1370 4638 quse
1388 4572 1480 4634 solen,
1498 4587 1563 4623 eon·

422 4661 542 4713 sentiant
566 4661 694 4727 pleraque
718 4675 779 4713 oum
804 4660 947 4713 annalibus
970 4661 1200 4730 lloguobialianis‚
1225 4661 1272 4714 ssd
1295 4677 1562 4728 aestuamusque

423 4751 505 4802 stiam
530 4751 667 4818 Diogeni,
686 4751 809 4818 Vspmii,
834 4767 920 4817 nsqas
941 4751 1025 4818 ipsius
1044 4751 1162 4803 cromati
1181 4751 1316 4817 historias,
1334 4758 1427 4819 utpote
1444 4752 1566 4804 nondam

423 4840 518 4904 editas,
535 4839 684 4906 inspexisse
702 4841 815 4892 videtur.
