4109 5767
1106 805 1183 841 altrat
1203 805 1291 841 Romi

735 996 944 1088 Incumbens,
965 998 1111 1066 humeris
1134 998 1228 1066 heros
1251 1008 1350 1088 capnt
1372 999 1494 1068 exserit
1516 998 1590 1066 altis

730 1105 906 1196 Turbidus,
929 1117 962 1175 et
984 1108 1088 1174 mixta
1110 1107 1255 1174 lacrimis
1278 1108 1327 1176 sic
1349 1108 1475 1174 intonat
1495 1108 1557 1176 ira:

736 1217 846 1305 „Ergo
869 1215 1004 1304 crudeli,
1027 1239 1088 1283 rex
1109 1215 1257 1304 barbare,
1279 1215 1380 1283 caede
1401 1215 1505 1283 tulisti

733 1324 936 1413 Pontificem,
958 1322 1105 1414 caelique
1127 1326 1235 1393 virum
1258 1325 1434 1414 templique
1457 1325 1651 1413 ministrum,

629 1455 700 1501 sss.
730 1429 957 1522 Divorumque
979 1432 1092 1500 domos
1115 1434 1279 1500 temerasti
1303 1443 1448 1524 martyre
1470 1433 1587 1500 caeso?

734 1541 821 1606 Irato
844 1563 965 1628 poenae
988 1539 1066 1606 olim
1087 1541 1180 1607 Deus
1205 1563 1260 1607 ore
1282 1551 1439 1630 reposcat,

735 1648 777 1713 Et
800 1646 858 1714 des
881 1647 1030 1715 crudeles
1043 1651 1061 1734 ¹,
1086 1647 1293 1734 crudelisque
1316 1650 1427 1736 exigat
1451 1645 1566 1714 Orcus.

732 1754 849 1844 Regali
871 1755 996 1821 interea
1018 1754 1112 1821 nobis
1136 1754 1325 1842 spoliandus
1348 1753 1470 1820 honore
1490 1755 1557 1821 es“.

734 1862 961 1948 Gentiumque
983 1883 1122 1949 omnem,
1145 1885 1210 1949 qua
1232 1885 1267 1928 so
1290 1861 1394 1927 Istula
1416 1861 1571 1928 flucdbus
1592 1860 1701 1950 infert,

629 1989 701 2035 aro.
731 1967 927 2036 Sarmatiam
948 1967 1012 2034 diri
1035 1969 1138 2056 regali
1161 1970 1231 2035 iuro
1254 1971 1387 2060 tyranni

734 2073 854 2139 Edicto
876 2073 973 2140 solvit
996 2095 1102 2156 saor03
1126 2075 1346 2162 populumque
1368 2085 1540 2162 patresque

733 2177 867 2244 Liberat
890 2180 1038 2267 imperio;
1062 2179 1234 2267 regulaque
1258 2179 1388 2244 sustulit
1411 2190 1543 2266 ostrum,

732 2283 856 2369 Iusque
879 2283 1028 2350 Boleslao
1051 2285 1144 2371 regni
1167 2283 1357 2371 indignatus
1380 2283 1513 2350 ademit.

737 2389 838 2457 Ferre
860 2391 953 2456 nefas
975 2402 1140 2479 sceptrum
1164 2391 1328 2479 capitique
1351 2389 1505 2456 adbibere
1527 2391 1645 2457 tiaram

630 2519 702 2566 sva.
732 2499 815 2564 Esse
837 2497 939 2584 inbct3
963 2497 1108 2588 dirisque
1131 2509 1229 2588 caput
1252 2498 1453 2590 Stygiaeque
1475 2496 1588 2588 paludi

735 2608 885 2675 Devovet
908 2609 1143 2698 exstinctisque
1165 2609 1255 2675 canit
1276 2607 1364 2674 titula
1387 2608 1532 2674 carmina
1555 2607 1694 2674 flarnmis

732 2716 949 2784 Praesentans
971 2717 1020 2784 illi
1042 2718 1193 2784 tenebras
1216 2727 1408 2807 noctemque
1430 2717 1636 2806 profundam.

824 2825 961 2891 'l'alibus
983 2828 1136 2892 immanis
1159 2827 1282 2893 factum
1306 2825 1439 2893 crudele
1460 2827 1594 2918 tyranni

736 2933 891 3020 castigat,
914 2933 1112 3021 caedemque
1135 2944 1227 3021 pater
1249 2933 1415 2998 Romanus
1438 2933 1574 2999 inultam

630 3057 702 3104 aaa.
734 3038 833 3103 Haud
856 3040 943 3124 sinit,
966 3051 997 3104 et
1019 3040 1130 3104 fusum
1153 3061 1217 3103 non
1241 3038 1318 3103 olim
1341 3041 1474 3126 impune
1497 3061 1644 3105 cruorem

735 3145 903 3210 Pontificis
927 3147 1013 3209 iusta
1035 3143 1205 3233 perculsus
1227 3145 1374 3211 vindicat
1397 3147 1454 3210 ira.

824 3251 996 3316 Praeterea
1017 3252 1120 3316 sacris
1143 3253 1281 3338 imposta
1304 3250 1432 3317 silentia
1454 3250 1592 3338 templis.

735 3356 809 3422 Non
833 3359 883 3422 fas
904 3357 1051 3446 pontifici
1074 3357 1245 3423 sollemnes
1268 3357 1388 3424 duccro
1411 3379 1554 3446 pompas,

735 3465 809 3530 Nou
833 3488 949 3532 canere
971 3477 1048 3532 ante
1071 3488 1144 3531 arus
1166 3487 1327 3554 vocesque
1350 3465 1495 3532 attollcrc
1518 3464 1615 3531 caelo.

631 3593 702 3639 aaa.
732 3571 917 3640 Mumiurat
940 3574 975 3639 in
998 3573 1118 3662 templo
1141 3573 1282 3639 demissa
1304 3595 1384 3639 voce
1407 3571 1558 3639 sacerdos

735 3680 981 3770 Valvarumque
1002 3680 1150 3748 homines
1173 3681 1301 3747 obiectu
1325 3679 1495 3747 submovet
1517 3683 1592 3748 aris.

685 3844 688 3850 .
735 3787 835 3854 Pulsa
857 3810 919 3854 nec
941 3788 1080 3854 excelsis
1103 3800 1255 3854 resonant
1277 3790 1310 3853 in
1334 3787 1478 3854 turribus
1501 3811 1577 3854 aera

736 3894 992 3983 Temporibusve
1014 3897 1083 3960 suis
1105 3895 1224 3984 populo
1247 3894 1326 3960 dant
1349 3897 1443 3982 signa
1465 3906 1589 3962 vocato.

734 4003 825 4069 Luca
848 4001 909 4068 sub
932 4014 1087 4089 extrema,
1110 4004 1137 4069 si
1161 4026 1257 4092 quem
1280 4025 1340 4068 sua
1363 4003 1431 4068 fata
1453 4013 1620 4089 vocarunt,

631 4131 702 4177 aaa.
731 4109 806 4175 Non
828 4110 930 4177 decus
952 4111 1097 4197 inferiae,
1121 4133 1185 4175 non
1209 4110 1291 4175 ullos
1315 4109 1415 4175 funus
1437 4109 1575 4175 lamorcs

736 4218 822 4283 Aera
843 4217 919 4282 tulit
939 4218 1047 4306 pulso;
1070 4239 1131 4283 nec
1154 4218 1284 4282 maestis
1307 4216 1443 4283 vocibus
1467 4215 1609 4307 hymnus

736 4323 885 4389 Placavit
908 4345 1019 4389 manes
1040 4325 1233 4410 veniamque
1255 4325 1401 4410 poposcit
1424 4320 1611 4411 Olympum.

736 4430 930 4497 Condantur
951 4453 1034 4518 pura
1057 4431 1251 4495 morientum
1275 4452 1410 4517 corpora
1432 4440 1527 4514 terra,

735 4535 974 4626 Indecorcsque
996 4539 1104 4604 iacent
1127 4559 1333 4627 quocumque
1355 4537 1390 4602 in
1413 4535 1547 4625 pulvere
1570 4537 1667 4623 cives,

630 4666 702 4713 aaa.
731 4646 957 4736 auratumque
979 4647 1120 4737 equitem
1144 4669 1285 4712 rriarmor
1307 4669 1372 4711 non
1395 4643 1518 4712 claudit
1541 4645 1673 4711 avitum.

735 4876 745 4906 ¹
763 4893 801 4929 rc.
820 4893 927 4945 posuer.
