4109 5767
703 774 741 808 ΑΒ
757 773 871 810 robono·
887 773 1036 812 ΙΚΙΔΊῸΙΕ.
1053 774 1245 818 noceremus.
1483 757 1549 824 139

409 842 985 866 ==::.:.·.·.·:·.·*.t:⁴..·.·.?·‘-··†···t-·.r·
1001 859 1004 862 .
1020 857 1047 864 ....
1081 857 1086 864 .
1126 859 1130 864 .
1150 843 1528 864 ·'?.·:··-·.··.·.-.·2···.”=··········

947 1195 1001 1258 41.

708 1385 1239 1452 ΡΕΤΒΙΒΑΒΖΙΙ
1354 1377 1356 1382 ’

814 1532 1141 1596 summumne

516 1705 657 1773 illustris
680 1707 762 1774 situs
785 1716 834 1774 est
856 1706 910 1775 hio
932 1708 1049 1775 Petrus
1073 1708 1217 1794 liaraius,
1239 1707 1347 1792 heros;

570 1815 711 1901 Augusti
734 1837 831 1903 quem
853 1814 909 1881 ilet
931 1815 1022 1902 regia
1044 1825 1112 1882 tota
1135 1815 1195 1881 sui.

516 1919 579 1984 Ille
601 1919 733 2007 quidem
756 1921 932 2007 absentem,
954 1930 1220 2010 praesentemque
1243 1920 1319 1986 sule
1341 1920 1494 2008 Philippi,

570 2026 644 2106 Quo
667 2027 708 2093 ab
731 2049 808 2114 rege
831 2037 940 2094 orator
962 2037 1097 2094 venerut
1119 2025 1174 2094 ille
1196 2050 1264 2093 suo.

457 2154 483 2197 s.
513 2132 561 2198 Ut
583 2133 713 2219 probus,
737 2141 773 2197 ut
794 2132 946 2220 prudens,
970 2142 1005 2198 ut
1027 2133 1143 2218 iustus,
1165 2141 1325 2217 strenuus,
1348 2153 1432 2216 seer,

570 2237 617 2302 Ut
639 2238 749 2325 priseo
771 2239 910 2327 insignis
932 2237 1102 2324 relligione
1125 2237 1196 2322 fuit,

516 2345 653 2432 Ingenio
676 2343 834 2428 sublimis,
857 2367 970 2410 usrrans
993 2344 1152 2432 aequique
1171 2341 1323 2431 benique,

570 2452 680 2541 thue
702 2474 776 2519 osor
797 2451 907 2540 probri
930 2462 1038 2518 eertum
1061 2460 1093 2518 et
1115 2451 1216 2517 hostis
1239 2459 1317 2536 erat,

520 2699 529 2730 ¹
548 2701 626 2752 Corn.
645 2699 699 2753 848
716 2717 755 2766 sq.
779 2723 803 2744 n
827 2701 905 2752 ossol.
925 2699 979 2754 265
996 2716 1036 2766 sq.
1058 2699 1243 2752 Praemittltur
1261 2705 1351 2750 autem
1370 2697 1483 2750 esnniul
1501 2695 1553 2749 lroe

411 2788 577 2855 epitaphium
596 2805 677 2855 prose
693 2789 814 2841 oratione
839 2805 857 2840 a
880 2788 980 2854 Reysio
998 2789 1136 2856 seriptum,
1161 2787 1231 2854 qued
1255 2785 1339 2838 Petrli
1357 2784 1447 2837 Bersii
1467 2784 1552 2836 vitem

411 2884 439 2930 ot
456 2877 635 2932 uenditionem
653 2885 779 2932 murato
797 2878 928 2930 illustrat:

778 3042 848 3094 Siste
866 3039 988 3109 gradem,
1006 3041 1127 3108 quisquis
1146 3057 1182 3094 es.

411 3151 507 3203 l'etrus
526 3151 645 3217 liuterius,
663 3150 812 3218 llloaorlus,
828 3150 870 3203 vir
881 3150 1002 3217 illustris,
1021 3150 1185 3206 castellanus
1198 3147 1398 3218 promlslieusls‚
1411 3163 1550 3218 supremus

411 3241 627 3309 leopoliensium
644 3242 797 3310 imperator,
821 3259 874 3310 que
892 3224 1019 3311 prinum
1038 3242 1139 3309 melier,
1165 3242 1256 3295 utilior
1280 3241 1387 3310 publius
1410 3249 1491 3311 atque
1510 3240 1550 3293 in-

411 3333 609 3398 eorroptibilior
627 3332 697 3402 (siel)
709 3333 844 3401 superiore
862 3341 952 3387 sstsss
971 3335 1054 3387 inisse
1072 3351 1149 3387 nemo
1161 3333 1319 3402 reperietur,
1339 3334 1470 3387 insertum
1483 3347 1550 3399 paee

410 3416 509 3474 clarior
527 3438 562 3473 su
580 3422 660 3488 bello,
679 3423 744 3476 loris
763 3438 799 3474 an
816 3423 896 3488 dorni,
915 3424 1084 3492 sigismundo
1102 3425 1232 3492 Augusto,
1250 3423 1377 3476 Poloniss
1392 3423 1459 3490 regi,
1478 3422 1552 3489 prin·

410 3511 464 3576 uipi
483 3527 531 3561 sue
550 3512 650 3577 optime
668 3511 793 3575 maxime,
818 3512 933 3576 senatui,
957 3513 1140 3578 optimatibus,
1165 3511 1314 3578 populoque
1337 3511 1451 3577 denique
1470 3517 1551 3576 atque

410 3598 547 3649 ordinibus
566 3597 601 3648 eb
618 3598 857 3665 incomparabilem
875 3599 962 3662 fidem,
980 3599 1151 3665 prudentium
1169 3605 1249 3666 atque
1265 3599 1396 3650 iustitiam
1414 3597 1493 3664 lenge
1506 3612 1553 3649 ea·

410 3685 540 3749 rissimus‚
559 3685 622 3736 dum
641 3686 712 3751 apud
724 3687 886 3754 Philippum,
905 3686 1098 3752 Hispaniarum
1111 3701 1210 3753 regem,
1228 3687 1376 3753 prinoipem
1388 3685 1552 3738 catholicum

411 3780 491 3841 atque
511 3775 650 3839 invictum,
668 3775 701 3827 sle
713 3791 802 3826 rerum
811 3775 989 3826 maximarum
1001 3781 1205 3827 summeurator
1214 3781 1293 3840 esset,
1311 3775 1455 3828 immatura
1467 3779 1552 3827 moris

410 3863 543 3928 sublatus,
562 3864 710 3916 catharina
728 3864 885 3930 nemesis,
903 3865 1050 3918 lectissima
1067 3865 1289 3932 sanctissimaque
1302 3865 1411 3928 lemine,
1429 3865 1552 3932 emingo,

410 3953 468 4004 iilia
486 3969 549 4017 una,
566 3953 630 4004 flliis
647 3953 750 4006 (luobus
768 3953 931 4006 dulcissimis
945 3954 1016 4007 erbis
1030 3953 1141 4018 relictis,
1159 3969 1220 4006 eum
1232 3954 1337 4021 ingenti
1348 3953 1467 4005 omnium
1479 3969 1553 4006 mae-

411 4057 471 4092 rere
489 4041 560 4093 diem
579 4058 656 4092 suum
675 4042 756 4106 obiit,
781 4042 927 4110 positisque
945 4041 991 4095 hie
1010 4041 1115 4109 fragilis
1137 4057 1171 4095 ae
1188 4041 1283 4094 esduel
1302 4040 1419 4108 eorporis
1438 4041 1554 4106 exuviis,

412 4129 447 4180 sd
464 4130 628 4196 sempiterna
645 4131 803 4181 immortalis
822 4131 873 4182 Dsi
891 4130 999 4198 gaudis,
1017 4130 1177 4182 immortalis
1195 4136 1223 4182 et
1237 4121 1302 4197 lpse,
1321 4129 1421 4182 Christi
1432 4136 1554 4181 serrato·

411 4217 449 4268 ris
467 4225 552 4270 morte
571 4218 650 4269 morti
668 4224 783 4285 areptus,
808 4221 918 4285 perenni
942 4219 1016 4272 ritse
1040 4219 1157 4272 melioris
1182 4235 1238 4286 sps,
1262 4234 1332 4286 quas
1355 4218 1436 4271 hem
1457 4217 1553 4282 nescit,

412 4307 508 4375 plenus
526 4307 676 4376 emigravit
695 4308 784 4362 liuius
802 4309 875 4362 volui
893 4310 998 4362 roseius
1011 4325 1046 4362 ns
1059 4325 1138 4362 esses.
1158 4311 1218 4374 Fer,
1237 4325 1290 4376 quo
1302 4323 1437 4376 properas,
1450 4308 1553 4376 petlsnu

412 4398 515 4450 sanetis
532 4398 656 4450 manibus
673 4399 742 4452 bene
760 4409 869 4467 precato
888 4401 963 4454 abire
975 4401 1048 4454 lieet.
1069 4401 1144 4452 Vixit
1156 4415 1240 4452 annos
1253 4401 1308 4454 XL.
1328 4400 1451 4454 Exesmit
1463 4406 1554 4452 autem

413 4503 483 4538 enno
502 4487 598 4540 sulutis
616 4488 749 4543 humanae
767 4490 1044 4560 unussspmsgesimo,
1063 4507 1146 4559 supra
1163 4489 1335 4543 millesimum
1352 4496 1380 4544 st
1395 4489 1555 4558 quingente·

413 4576 519 4641 simum,
537 4585 633 4630 octavo
651 4578 712 4631 Kal.
729 4580 857 4632 Novemb.

733 4667 783 4720 Oui
807 4655 970 4733 Stanislsus,
997 4669 1133 4734 Andreas,
1164 4671 1303 4734 Erasmus,
1334 4667 1422 4720 Barsii
1448 4669 1555 4732 iratres,

733 4773 809 4820 uxor,
821 4756 951 4825 liberique
963 4757 1082 4810 illustres
1095 4758 1166 4810 hune
1176 4757 1316 4821 tumulum,
1338 4756 1492 4808 memorium
1505 4755 1555 4808 hu-

733 4861 831 4899 manas
854 4847 1014 4900 eonditiunis
1039 4835 1178 4914 fragilem,
1205 4845 1377 4898 malissimi
1401 4852 1555 4912 posuerunt
