4109 5767
452 454 519 521 384
658 431 662 441 Ι
935 472 1012 509 nnn
1032 472 1119 509 »orm

556 662 631 729 Non
654 685 809 751 gemuere
832 664 890 751 tui,
913 686 994 751 ques
1019 665 1155 751 sanguis
1178 666 1331 730 iunxerat
1353 663 1449 750 idem,

610 773 680 839 Aut
702 772 839 838 finxisse
861 770 944 860 ilios,
966 772 995 837 si
1018 794 1181 861 gensuere,
1204 782 1324 861 putem.

476 902 524 949 ts.
555 880 639 951 Cum
662 890 790 972 tempus
813 880 939 948 tumulo
962 880 1118 969 frigentia
1141 880 1282 947 condere
1304 880 1459 969 membra,

612 988 678 1073 Qui
700 989 800 1058 vellet
822 989 977 1057 lacrimas
1001 990 1153 1077 vendere,
1177 989 1288 1057 nullus
1311 1003 1390 1057 erat.

558 1100 733 1167 Exstincto
755 1122 839 1188 quae
862 1098 940 1165 flere
963 1109 1069 1187 petest
1092 1097 1223 1166 turbata
1246 1098 1371 1185 catello,

612 1206 687 1274 Non
710 1219 768 1274 tua
790 1207 882 1273 flevit
905 1230 988 1273 anus
1012 1208 1143 1291 funera3
1166 1206 1253 1273 vidit
1275 1230 1367 1293 anus,

558 1314 645 1381 Risit
668 1336 751 1379 anus
774 1352 818 1363 -
842 1313 991 1380 dicturus
1014 1336 1118 1398 erem3
1141 1325 1260 1380 natura
1283 1314 1341 1381 sed
1364 1313 1447 1380 iilud

476 1444 526 1489 so.
611 1420 687 1488 Non
711 1421 784 1508 fert,
805 1419 925 1487 locata
948 1433 1007 1507 est,
1031 1420 1113 1507 dico,
1136 1420 1194 1486 sed
1216 1420 1300 1486 illud
1323 1444 1415 1487 anns.

558 1528 661 1595 'Pctus
684 1540 716 1595 et
739 1539 789 1595 est
811 1526 950 1617 populus
974 1528 1113 1594 laetatus
1136 1527 1292 1617 plebsque
1314 1540 1496 1617 potiusque,

612 1636 656 1702 Et
679 1635 793 1703 laudes
817 1636 909 1725 pueri
933 1638 1130 1702 concinuere
1152 1635 1233 1702 Deo.

463 1784 467 1793 ·
559 1741 754 1811 Leudsvere
776 1743 886 1809 Deum
911 1744 1013 1831 pueri,
1037 1742 1123 1831 quod
1147 1752 1180 1809 te
1203 1742 1347 1829 abstulit,
1371 1742 1436 1809 illis

611 1850 710 1915 Esset
733 1850 806 1917 visa
829 1848 906 1917 licet
929 1872 1017 1916 mors
1040 1861 1098 1915 tue
1121 1872 1196 1915 sera
1218 1852 1325 1915 nimis.

475 1976 523 2021 se.
555 1955 625 2022 Hos
648 1956 728 2044 quid
751 1956 894 2045 quidque
917 1956 991 2023 illos
1015 1957 1181 2023 memoro?
1203 1967 1253 2022 est
1268 1955 1407 2023 laetatus
1423 1969 1455 2023 et
1470 1957 1599 2026 aether:

617 2064 677 2151 „In
701 2064 812 2154 stygia
834 2086 854 2129 a
877 2062 972 2128 nobis
996 2063 1158 2150 longius“,
1180 2064 1295 2150 inquit,
1321 2065 1433 2151 „crit“.

917 2516 1041 2618 ’4.

761 2754 814 2813 Ne
839 2761 939 2812 sutor
962 2751 1052 2811 ultra
1076 2749 1253 2826 crepidem
1264 2750 1286 2813 ¹.

559 2924 752 3011 Theologus‚
776 2923 945 2990 aethereas
969 2946 1034 3010 qua
1057 2922 1122 2987 sert
1144 2923 1209 3009 via,
1232 2921 1331 3009 dicat,
1353 2922 1394 2988 ad
1418 2946 1506 3007 eras3

611 3032 829 3097 Monstratum
852 3032 993 3097 indoctis
1018 3032 1227 3097 continuetur
1248 3032 1319 3096 iter.

557 3138 619 3206 Oui
643 3161 707 3204 non
732 3150 781 3205 est
803 3137 908 3205 lectus
931 3139 1043 3204 Draco
1066 3160 1206 3226 cunique
1228 3136 1347 3205 Solone
1366 3136 1551 3229 Lyeurgus,

610 3247 785 3313 Abstineat
809 3247 909 3313 dubio
930 3246 1070 3313 reddere
1093 3248 1167 3313 iura
1190 3245 1270 3312 foro.

498 3376 524 3419 s.
555 3354 706 3422 coinon
731 3354 950 3444 Hippocratis,
974 3355 1027 3421 cui
1052 3377 1116 3419 non
1139 3365 1217 3419 sunt
1239 3355 1323 3420 scita
1345 3352 1464 3421 Galeni

610 3461 759 3548 cognita,
782 3461 829 3526 nil
853 3460 999 3527 medicae
1022 3460 1216 3549 polliceatur
1239 3462 1319 3550 opis.

557 3566 645 3655 Ala,
668 3566 777 3635 colant
800 3590 924 3658 pacem,
946 3592 1027 3657 quos
1048 3568 1207 3634 claudunt
1230 3570 1366 3653 moenia,
1389 3568 1490 3653 cives,

610 3675 726 3741 Mesatis
750 3700 831 3765 tipus
855 3676 949 3741 utiles
973 3684 1091 3741 trisctct
1114 3687 1395 3742 etennensium:

559 3784 632 3849 1100
654 3785 751 3872 Aiax,
775 3784 898 3851 llecter
922 3784 1090 3873 maiorque
1113 3783 1272 3849 iaiiibobus
1295 3782 1442 3850 Achilles

476 3911 523 3953 io.
610 3889 694 3954 Esse
717 3912 823 3976 suuni,
845 3889 951 3975 liccat,
976 3892 1191 3955 confiteantur
1213 3912 1305 3977 opus.

556 3993 723 4060 Bellorum
747 3996 881 4082 ignarus
904 4005 1020 4084 pareat
1043 3998 1114 4062 fera
1136 3996 1223 4061 bella
1247 4018 1372 4081 souare,

611 4101 681 4166 Nce
705 4102 747 4167 sit
771 4101 849 4189 dux,
872 4103 928 4190 qui
952 4125 1017 4167 non
1041 4103 1145 4168 audiit
1168 4114 1245 4168 ante
1268 4102 1389 4168 tubam,

557 4210 744 4301 Pygmaeus
768 4234 809 4277 nc
832 4210 983 4277 humeros
1007 4210 1098 4277 caele
1121 4210 1212 4278 velut
1236 4210 1360 4277 arduus
1383 4209 1480 4275 Atlas

612 4316 801 4401 Subinittut3
825 4317 905 4382 nixu
930 4329 1060 4384 corruet
1083 4320 1153 4407 ipse
1175 4342 1243 4384 suo.

560 4547 569 4577 ¹
588 4550 646 4600 Oss.
669 4546 720 4599 120
737 4569 761 4591 ι
780 4562 852 4599 corn.
872 4546 932 4600 239.
