4109 5767
873 778 1031 813 enarrarre.
1395 764 1523 816 LXXVII

382 972 537 1053 crobiurn,
560 971 704 1035 Nonium
727 981 759 1037 et
782 969 1036 1037 Demosthenem
1061 972 1091 1051 2,
1114 968 1213 1035 semel
1237 980 1363 1035 tautum
1380 970 1522 1037 Plinium

381 1078 549 1163 minorem,
571 1076 796 1161 columellam,
819 1075 1013 1161 Palladium,
1037 1089 1133 1161 atum.
1158 1077 1406 1167 Hieronymum,
1428 1090 1525 1145 stum.

380 1183 602 1268 Ambrosium,
623 1184 838 1267 Priscianurn,
855 1183 1045 1268 Homerum,
1060 1183 1249 1268 Pindarum,
1265 1183 1526 1271 Xenophontem,

380 1289 572 1373 Diodorum,
595 1288 817 1375 Plutarchum,
832 1290 1021 1375 Arrianum,
1044 1289 1229 1375 Aelianum,
1251 1289 1423 1357 Galerium.
1446 1290 1524 1355 Phi·

380 1394 550 1461 lostratum
573 1406 606 1459 et
629 1393 871 1461 Artemidorum
895 1396 1088 1483 nuncupari.
1111 1397 1284 1462 Praeterea
1298 1395 1406 1461 locum
1423 1396 1524 1461 Ennii

379 1524 421 1565 ox
444 1501 610 1585 Cicerone,
633 1501 666 1565 ni
691 1498 787 1567 iallor
810 1502 932 1581 (Dacis.
949 1502 974 1586 1,
991 1502 1066 1584 ut),
1079 1499 1166 1568 Celsi
1181 1523 1223 1567 ex
1238 1502 1385 1587 Digestis
1400 1502 1525 1586 (Decis.

381 1607 442 1691 111,
465 1608 553 1693 207),
583 1606 726 1685 Senecae
749 1605 929 1695 philosophi
954 1629 996 1673 ex
1019 1607 1108 1672 Petri
1131 1607 1247 1673 Criniti
1271 1606 1363 1675 libris
1391 1610 1443 1675 De
1465 1607 1523 1675 ho·

380 1720 472 1777 nesta
503 1712 676 1800 disciplina
706 1714 829 1796 (Dacis.
853 1712 894 1797 V,
926 1714 1012 1795 teo),
1051 1711 1232 1801 Sepphoris
1270 1736 1312 1779 ex
1347 1714 1521 1781 Arismtele

379 1820 501 1903 (Dacis.
533 1820 591 1901 lV,
622 1820 699 1897 etet
731 1819 938 1908 deprompsit.
977 1818 1150 1886 Distichou
1181 1819 1223 1885 dc
1250 1819 1384 1887 Homeri
1414 1822 1523 1909 patria

380 1928 501 2010 (Deoia.
524 1926 600 2013 (ΙΙΙ,
626 1929 701 2009 113)
732 1950 773 1993 ex
797 1926 983 2013 anthologia
1007 1927 1176 2013 cognitum
1205 1926 1359 1993 habuisse
1383 1927 1523 1995 videtur.

381 2033 515 2119 legisse
538 2056 613 2099 eum
636 2034 734 2099 etiam
757 2033 945 2101 Cornelium
969 2034 1127 2122 Nepotem
1150 2056 1205 2119 ea,
1236 2056 1319 2122 quae
1349 2033 1391 2100 de
1419 2034 1522 2102 Attici

383 2150 484 2207 morte
508 2138 616 2226 tradit,
640 2139 708 2207 fere
731 2142 888 2207 evincunt
911 2141 1035 2227 (Deoia.
1058 2142 1084 2227 l,
1108 2142 1172 2224 28).

487 2248 600 2336 Neque
623 2259 730 2315 tamen
754 2247 804 2314 his
828 2248 907 2315 satis
931 2248 1048 2338 amplis
1071 2248 1191 2315 finibus
1207 2250 1391 2315 continetur
1405 2249 1521 2340 Royzii

380 2356 581 2446 antiquitatis
606 2357 732 2439 notitia,
756 2356 866 2443 multa,
891 2357 1013 2423 utiam
1038 2357 1158 2443 monui,
1181 2357 1305 2446 profert
1322 2358 1355 2422 in
1373 2358 1522 2426 Decisio-

380 2464 477 2530 nibus
500 2475 648 2531 veterum
672 2473 841 2531 auctorum
865 2464 1053 2531 nominibus
1076 2488 1140 2531 nou
1157 2464 1288 2551 additia,
1310 2465 1414 2531 multa
1428 2489 1522 2555 prae-

380 2582 468 2639 terea
492 2572 526 2636 iu
550 2572 750 2639 carminibus
773 2573 843 2638 eius
866 2594 1022 2659 expressa
1052 2573 1258 2659 antiquorum
1285 2573 1426 2659 vestigia
1455 2574 1521 2639 iam

380 2700 479 2765 supra
502 2677 627 2765 collegi.

488 2783 657 2863 Quatenus
679 2784 886 2871 antiquorum
909 2784 990 2848 iuria
1020 2794 1193 2871 praecepta
1223 2782 1374 2851 calluerit
1399 2785 1524 2874 quidve

381 2890 414 2954 in
446 2889 635 2955 universum
666 2890 841 2977 profecerit
871 2889 913 2955 ad
944 2890 1027 2955 iuris
1059 2891 1228 2956 scientiam
1257 2891 1344 2956 inter
1369 2891 1521 2979 aequales

381 2995 634 3083 promovendam
650 2996 870 3083 iustitiamque
882 2994 1010 3081 legibus
1023 2995 1293 3081 constituendam,
1309 3019 1413 3085 neuque
1423 2996 1523 3062 huius

381 3102 443 3169 loci
466 3112 517 3168 cet
538 3103 706 3191 disputare
736 3114 769 3169 et
800 3126 852 3168 roa
882 3103 986 3191 exigit
1016 3103 1247 3191 peritissimum
1272 3103 1353 3169 iuris
1376 3104 1522 3194 iurisque

381 3208 535 3277 historiae
564 3211 828 3277 existimatorem·
866 3212 962 3279 (ierto
995 3212 1131 3298 repetita
1160 3209 1217 3275 illo
1247 3211 1416 3277 etiamtum
1443 3213 1523 3280 vivo

382 3316 590 3383 Francoiurti
614 3316 657 3383 ad
680 3318 732 3405 M,
762 3329 795 3384 et
825 3327 898 3406 post
924 3318 1068 3385 auctoris
1092 3328 1227 3384 mortem
1251 3318 1398 3384 Venetiis
1422 3320 1524 3386 Deci-

382 3424 508 3488 sionum
531 3423 630 3489 aditio
652 3447 733 3513 opus
756 3423 839 3490 illud
862 3426 977 3515 Royzii
1001 3423 1087 3513 apud
1111 3424 1224 3491 doctos
1246 3424 1377 3490 illorum
1400 3436 1523 3515 tempo-

383 3552 455 3594 rum
478 3530 567 3595 viros
597 3530 631 3594 iu
663 3530 766 3617 pretio
797 3530 898 3597 fuisse
930 3530 1084 3597 declarat.
1121 3529 1210 3596 Illud
1232 3532 1330 3597 etiam
1358 3542 1447 3619 patet
1468 3533 1522 3599 rel

383 3637 532 3725 imperito
554 3636 746 3703 Decisiones
769 3636 889 3724 legenti
912 3638 1073 3728 Roynium
1103 3638 1138 3703 in
1165 3636 1303 3725 singulis
1326 3640 1524 3727 quaestioni·

383 3744 444 3808 hus
467 3742 632 3810 solvendis
656 3744 715 3809 niti
740 3766 804 3809 non
828 3743 932 3811 solum
956 3754 1202 3833 praeceptorum
1226 3767 1357 3810 suorum
1381 3748 1523 3812 auctori·

383 3960 562 4025 cantiorum
585 3959 774 4047 legistarum
798 3960 1105 4047 canonistarumque
1121 3959 1223 4026 libris.
1245 3960 1285 4024 In
1301 3958 1426 4027 ratione
1440 3961 1523 4027 iuris

383 4066 545 4132 tractandi
568 4068 713 4154 sequitur
734 4066 791 4132 illa
813 4068 1017 4155 potissimum
1042 4066 1207 4132 Andream
1231 4065 1406 4152 Alciatum,
1428 4091 1524 4155 prae-

383 4182 544 4259 ceptorem
568 4196 663 4239 suum
686 4173 949 4259 dilectissimum,
970 4173 1027 4261 qui
1051 4173 1166 4240 relicta
1187 4172 1281 4237 arida
1303 4172 1362 4238 illa
1376 4176 1521 4263 priorum

384 4278 569 4367 disputandi
594 4282 650 4347 via
671 4282 846 4348 Iustiniani
868 4281 950 4347 iuris
974 4282 1119 4370 corporis
1142 4292 1315 4371 praecepta
1344 4281 1385 4348 ad
1415 4282 1522 4348 fontes

384 4396 627 4477 temporumque
650 4389 850 4456 conditiones
874 4390 1042 4475 rescrebat,
1065 4388 1244 4477 litterisque
1267 4413 1307 4457 ac
1322 4390 1522 4456 carminibus
1578 4378 1582 4385 ’

383 4494 523 4581 anh‘quis
547 4493 739 4582 illustrabat,
762 4518 866 4584 neque
889 4506 998 4562 tamen
1021 4496 1103 4562 adeo
1126 4496 1245 4584 pendet
1267 4520 1287 4561 a
1306 4506 1524 4585 praeceptore,

383 4610 417 4665 ut
447 4600 572 4667 idoneis
603 4600 683 4668 locis
713 4626 807 4668 suam
838 4605 1031 4669 senteutiam
1063 4615 1178 4670 contra
1204 4605 1273 4669 eiua
1296 4605 1520 4671 auctoritatem

382 4706 463 4771 tueri
486 4728 552 4771 non
575 4706 694 4772 audeat
716 4708 839 4789 (Decio.
863 4708 925 4793 ΙΙΙ,
951 4709 1027 4791 128;
1051 4708 1110 4793 IV,
1136 4710 1220 4789 117).

486 4811 572 4876 Nota
596 4812 697 4877 fuisse
719 4812 843 4902 Royzio
866 4812 1081 4879 litteratorum
1104 4814 1270 4878 hominum
1291 4822 1521 4901 poetarumque
