<?xml version="1.0" encoding="UTF-8"?>
<!DOCTYPE html PUBLIC "-//W3C//DTD XHTML 1.0 Transitional//EN"
    "http://www.w3.org/TR/xhtml1/DTD/xhtml1-transitional.dtd">
<html xmlns="http://www.w3.org/1999/xhtml" xml:lang="en" lang="en">
 <head>
  <title>
</title>
<meta http-equiv="Content-Type" content="text/html;charset=utf-8" />
  <meta name='ocr-system' content='tesseract 3.04.00' />
  <meta name='ocr-capabilities' content='ocr_page ocr_carea ocr_par ocr_line ocrx_word'/>
</head>
<body>
  <div class='ocr_page' id='page_1' title='image "./petriroyziimaur00morogoog_0183.png"; bbox 0 0 4109 5767; ppageno 0'>
   <div class='ocr_carea' id='block_1_1' title="bbox 660 753 1543 865">
    <p class='ocr_par' dir='ltr' id='par_1_1' title="bbox 660 753 1543 865">
     <span class='ocr_line' id='line_1_1' title="bbox 660 753 1543 821; baseline -0.001 -14"><span class='ocrx_word' id='word_1_1' title='bbox 660 770 862 809; x_wconf 68' lang='lat' dir='ltr'><strong>mummuli</strong></span> <span class='ocrx_word' id='word_1_2' title='bbox 879 771 1032 809; x_wconf 74' lang='lat' dir='ltr'><strong>unumunurn</strong></span> <span class='ocrx_word' id='word_1_3' title='bbox 1049 772 1071 807; x_wconf 80' lang='grc' dir='ltr'><strong>ιι</strong></span> <span class='ocrx_word' id='word_1_4' title='bbox 1089 770 1123 807; x_wconf 77' lang='lat' dir='ltr'><strong>rr</strong></span> <span class='ocrx_word' id='word_1_5' title='bbox 1142 769 1273 807; x_wconf 76' lang='lat' dir='ltr'><strong>missura.</strong></span> <span class='ocrx_word' id='word_1_6' title='bbox 1499 753 1543 821; x_wconf 75' lang='lat'><strong>55</strong></span> 
     </span>
     <span class='ocr_line' id='line_1_2' title="bbox 1439 840 1543 865; baseline 0 0"><span class='ocrx_word' id='word_1_7' title='bbox 1439 840 1543 865; x_wconf 81' lang='lat'><strong>==</strong></span> 
     </span>
    </p>
   </div>
   <div class='ocr_carea' id='block_1_2' title="bbox 511 843 1428 863">
    <p class='ocr_par' dir='ltr' id='par_1_2' title="bbox 511 843 1428 863">
     <span class='ocr_line' id='line_1_3' title="bbox 511 843 1217 852; baseline 0.003 -3"><span class='ocrx_word' id='word_1_8' title='bbox 511 844 538 849; x_wconf 72' lang='grc'><strong>-.</strong></span> <span class='ocrx_word' id='word_1_9' title='bbox 553 843 695 851; x_wconf 69' lang='grc' dir='ltr'>...ι-...-</span> <span class='ocrx_word' id='word_1_10' title='bbox 704 844 853 851; x_wconf 51' lang='lat' dir='ltr'><strong>m..-</strong></span> <span class='ocrx_word' id='word_1_11' title='bbox 861 843 1217 852; x_wconf 47' lang='lat' dir='ltr'><strong>..mm-——n-u-</strong></span> 
     </span>
     <span class='ocr_line' id='line_1_4' title="bbox 738 854 1428 863; baseline 0 0"><span class='ocrx_word' id='word_1_12' title='bbox 738 856 841 863; x_wconf 47' lang='grc' dir='ltr'><strong>Ψ...-</strong></span> <span class='ocrx_word' id='word_1_13' title='bbox 858 856 927 863; x_wconf 73' lang='lat'><strong>-·-</strong></span> <span class='ocrx_word' id='word_1_14' title='bbox 965 856 998 862; x_wconf 86' lang='lat'><strong>-·</strong></span> <span class='ocrx_word' id='word_1_15' title='bbox 1009 854 1428 863; x_wconf 73' lang='lat' dir='ltr'><em>-—----n-··-——----—--—</em></span> 
     </span>
    </p>
   </div>
   <div class='ocr_carea' id='block_1_3' title="bbox 403 967 1459 3095">
    <p class='ocr_par' dir='ltr' id='par_1_3' title="bbox 506 967 1419 1167">
     <span class='ocr_line' id='line_1_5' title="bbox 506 967 1419 1058; baseline 0.001 -23"><span class='ocrx_word' id='word_1_16' title='bbox 506 967 648 1056; x_wconf 82' lang='lat' dir='ltr'><strong>Addere,</strong></span> <span class='ocrx_word' id='word_1_17' title='bbox 670 970 740 1037; x_wconf 88' lang='lat' dir='ltr'><strong>sive</strong></span> <span class='ocrx_word' id='word_1_18' title='bbox 763 992 862 1058; x_wconf 82' lang='lat' dir='ltr'><strong>supra</strong></span> <span class='ocrx_word' id='word_1_19' title='bbox 884 969 993 1037; x_wconf 86' lang='lat' dir='ltr'><strong>studia</strong></span> <span class='ocrx_word' id='word_1_20' title='bbox 1013 968 1096 1037; x_wconf 80' lang='lat' dir='ltr'><strong>lruee</strong></span> <span class='ocrx_word' id='word_1_21' title='bbox 1118 990 1289 1055; x_wconf 74' lang='lat' dir='ltr'><strong>assurgere</strong></span> <span class='ocrx_word' id='word_1_22' title='bbox 1310 976 1342 1035; x_wconf 90' lang='lat' dir='ltr'><strong>et</strong></span> <span class='ocrx_word' id='word_1_23' title='bbox 1364 990 1419 1037; x_wconf 88' lang='lat' dir='ltr'><strong>ore</strong></span> 
     </span>
     <span class='ocr_line' id='line_1_6' title="bbox 507 1076 1277 1167; baseline -0.001 -25"><span class='ocrx_word' id='word_1_24' title='bbox 507 1076 645 1163; x_wconf 67' lang='lat' dir='ltr'><strong>Artifiei</strong></span> <span class='ocrx_word' id='word_1_25' title='bbox 666 1077 764 1145; x_wconf 89' lang='lat' dir='ltr'><strong>rebus</strong></span> <span class='ocrx_word' id='word_1_26' title='bbox 788 1077 934 1167; x_wconf 78' lang='lat' dir='ltr'><strong>punctim</strong></span> <span class='ocrx_word' id='word_1_27' title='bbox 957 1100 1015 1165; x_wconf 89' lang='lat' dir='ltr'><strong>por</strong></span> <span class='ocrx_word' id='word_1_28' title='bbox 1038 1086 1151 1143; x_wconf 89' lang='lat' dir='ltr'><strong>mutua</strong></span> <span class='ocrx_word' id='word_1_29' title='bbox 1174 1076 1277 1162; x_wconf 84' lang='lat' dir='ltr'><strong>nexis,</strong></span> 
     </span>
    </p>

    <p class='ocr_par' dir='ltr' id='par_1_4' title="bbox 403 1182 1438 1702">
     <span class='ocr_line' id='line_1_7' title="bbox 403 1182 1385 1273; baseline 0.002 -26"><span class='ocrx_word' id='word_1_30' title='bbox 403 1204 474 1248; x_wconf 84' lang='lat' dir='ltr'><strong>eoo.</strong></span> <span class='ocrx_word' id='word_1_31' title='bbox 508 1184 632 1271; x_wconf 79' lang='lat' dir='ltr'><strong>Turpia</strong></span> <span class='ocrx_word' id='word_1_32' title='bbox 654 1184 739 1250; x_wconf 81' lang='lat' dir='ltr'><strong>falsa</strong></span> <span class='ocrx_word' id='word_1_33' title='bbox 760 1185 846 1251; x_wconf 87' lang='lat' dir='ltr'><strong>inter</strong></span> <span class='ocrx_word' id='word_1_34' title='bbox 867 1186 1050 1273; x_wconf 82' lang='lat' dir='ltr'><strong>spesiosnm</strong></span> <span class='ocrx_word' id='word_1_35' title='bbox 1072 1182 1241 1250; x_wconf 87' lang='lat' dir='ltr'><strong>ostendere</strong></span> <span class='ocrx_word' id='word_1_36' title='bbox 1262 1204 1385 1269; x_wconf 79' lang='lat' dir='ltr'><strong>verum,</strong></span> 
     </span>
     <span class='ocr_line' id='line_1_8' title="bbox 507 1288 1438 1381; baseline 0.001 -24"><span class='ocrx_word' id='word_1_37' title='bbox 507 1290 708 1379; x_wconf 78' lang='lat' dir='ltr'><strong>Implicitum</strong></span> <span class='ocrx_word' id='word_1_38' title='bbox 730 1291 816 1379; x_wconf 91' lang='lat' dir='ltr'><strong>quod</strong></span> <span class='ocrx_word' id='word_1_39' title='bbox 839 1292 927 1359; x_wconf 90' lang='lat' dir='ltr'><strong>mille</strong></span> <span class='ocrx_word' id='word_1_40' title='bbox 950 1291 1026 1377; x_wconf 88' lang='lat' dir='ltr'><strong>doli,</strong></span> <span class='ocrx_word' id='word_1_41' title='bbox 1048 1288 1202 1378; x_wconf 76' lang='lat' dir='ltr'>ambages</span> <span class='ocrx_word' id='word_1_42' title='bbox 1224 1288 1438 1381; x_wconf 72' lang='lat' dir='ltr'><strong>tenebraeque</strong></span> 
     </span>
     <span class='ocr_line' id='line_1_9' title="bbox 508 1396 1308 1481; baseline 0 -18"><span class='ocrx_word' id='word_1_43' title='bbox 508 1397 686 1464; x_wconf 82' lang='lat' dir='ltr'><strong>Involvunt</strong></span> <span class='ocrx_word' id='word_1_44' title='bbox 708 1420 826 1465; x_wconf 82' lang='lat' dir='ltr'><strong>saeuae</strong></span> <span class='ocrx_word' id='word_1_45' title='bbox 848 1408 880 1465; x_wconf 89' lang='lat' dir='ltr'><strong>et</strong></span> <span class='ocrx_word' id='word_1_46' title='bbox 901 1400 960 1464; x_wconf 84' lang='lat' dir='ltr'><strong>vix</strong></span> <span class='ocrx_word' id='word_1_47' title='bbox 982 1396 1185 1465; x_wconf 82' lang='lat' dir='ltr'><strong>extrieabilis</strong></span> <span class='ocrx_word' id='word_1_48' title='bbox 1207 1418 1308 1481; x_wconf 78' lang='lat' dir='ltr'><strong>error3</strong></span> 
     </span>
     <span class='ocr_line' id='line_1_10' title="bbox 506 1502 1356 1601; baseline 0 -30"><span class='ocrx_word' id='word_1_49' title='bbox 506 1502 644 1571; x_wconf 81' lang='lat' dir='ltr'><strong>Disaere</strong></span> <span class='ocrx_word' id='word_1_50' title='bbox 666 1506 736 1572; x_wconf 86' lang='lat' dir='ltr'><strong>aive</strong></span> <span class='ocrx_word' id='word_1_51' title='bbox 757 1505 837 1572; x_wconf 83' lang='lat' dir='ltr'><strong>velit</strong></span> <span class='ocrx_word' id='word_1_52' title='bbox 859 1504 987 1601; x_wconf 87' lang='lat' dir='ltr'><strong>eaelum</strong></span> <span class='ocrx_word' id='word_1_53' title='bbox 1009 1504 1238 1592; x_wconf 80' lang='lat' dir='ltr'><strong>volventiaque</strong></span> <span class='ocrx_word' id='word_1_54' title='bbox 1260 1513 1356 1591; x_wconf 86' lang='lat' dir='ltr'><strong>astra,</strong></span> 
     </span>
     <span class='ocr_line' id='line_1_11' title="bbox 508 1610 1406 1702; baseline 0.001 -25"><span class='ocrx_word' id='word_1_55' title='bbox 508 1611 661 1701; x_wconf 78' lang='lat' dir='ltr'><strong>Quidque</strong></span> <span class='ocrx_word' id='word_1_56' title='bbox 683 1622 773 1702; x_wconf 87' lang='lat' dir='ltr'><strong>paret</strong></span> <span class='ocrx_word' id='word_1_57' title='bbox 796 1612 900 1699; x_wconf 83' lang='lat' dir='ltr'><strong>fratri,</strong></span> <span class='ocrx_word' id='word_1_58' title='bbox 922 1635 999 1679; x_wconf 86' lang='lat' dir='ltr'><strong>oum</strong></span> <span class='ocrx_word' id='word_1_59' title='bbox 1021 1634 1093 1679; x_wconf 83' lang='lat' dir='ltr'><strong>sese</strong></span> <span class='ocrx_word' id='word_1_60' title='bbox 1116 1610 1262 1678; x_wconf 80' lang='lat' dir='ltr'><strong>attollere</strong></span> <span class='ocrx_word' id='word_1_61' title='bbox 1284 1621 1406 1699; x_wconf 86' lang='lat' dir='ltr'><strong>eontra,</strong></span> 
     </span>
    </p>

    <p class='ocr_par' dir='ltr' id='par_1_5' title="bbox 404 1718 1459 2233">
     <span class='ocr_line' id='line_1_12' title="bbox 404 1718 1338 1809; baseline -0.001 -23"><span class='ocrx_word' id='word_1_62' title='bbox 404 1742 474 1787; x_wconf 83' lang='lat' dir='ltr'><strong>nos.</strong></span> <span class='ocrx_word' id='word_1_63' title='bbox 507 1721 603 1787; x_wconf 89' lang='lat' dir='ltr'><strong>Luna</strong></span> <span class='ocrx_word' id='word_1_64' title='bbox 625 1730 739 1809; x_wconf 88' lang='lat' dir='ltr'><strong>potens</strong></span> <span class='ocrx_word' id='word_1_65' title='bbox 761 1720 863 1786; x_wconf 81' lang='lat' dir='ltr'><strong>radiis</strong></span> <span class='ocrx_word' id='word_1_66' title='bbox 885 1719 1001 1786; x_wconf 89' lang='lat' dir='ltr'><strong>induta</strong></span> <span class='ocrx_word' id='word_1_67' title='bbox 1024 1718 1208 1787; x_wconf 78' lang='lat' dir='ltr'><strong>minacibus</strong></span> <span class='ocrx_word' id='word_1_68' title='bbox 1231 1719 1338 1807; x_wconf 86' lang='lat' dir='ltr'><strong>audet,</strong></span> 
     </span>
     <span class='ocr_line' id='line_1_13' title="bbox 508 1826 1459 1916; baseline 0 -23"><span class='ocrx_word' id='word_1_69' title='bbox 508 1828 577 1893; x_wconf 82' lang='lat' dir='ltr'><strong>Aut</strong></span> <span class='ocrx_word' id='word_1_70' title='bbox 600 1849 677 1894; x_wconf 90' lang='lat' dir='ltr'><strong>enm</strong></span> <span class='ocrx_word' id='word_1_71' title='bbox 700 1828 852 1894; x_wconf 82' lang='lat' dir='ltr'><strong>fratemis</strong></span> <span class='ocrx_word' id='word_1_72' title='bbox 875 1826 1040 1915; x_wconf 90' lang='lat' dir='ltr'><strong>qnondam</strong></span> <span class='ocrx_word' id='word_1_73' title='bbox 1064 1851 1099 1895; x_wconf 84' lang='lat' dir='ltr'><strong>ee</strong></span> <span class='ocrx_word' id='word_1_74' title='bbox 1120 1826 1326 1916; x_wconf 86' lang='lat' dir='ltr'><strong>amplexibus</strong></span> <span class='ocrx_word' id='word_1_75' title='bbox 1348 1827 1459 1911; x_wconf 77' lang='lat' dir='ltr'><strong>inlert3</strong></span> 
     </span>
     <span class='ocr_line' id='line_1_14' title="bbox 509 1932 1338 2021; baseline -0.001 -21"><span class='ocrx_word' id='word_1_76' title='bbox 509 1933 574 2000; x_wconf 89' lang='lat' dir='ltr'><strong>Seu</strong></span> <span class='ocrx_word' id='word_1_77' title='bbox 598 1935 626 1999; x_wconf 90' lang='lat' dir='ltr'><strong>si</strong></span> <span class='ocrx_word' id='word_1_78' title='bbox 649 1934 779 2021; x_wconf 89' lang='lat' dir='ltr'><strong>quando</strong></span> <span class='ocrx_word' id='word_1_79' title='bbox 802 1935 871 2001; x_wconf 83' lang='lat' dir='ltr'><strong>lero</strong></span> <span class='ocrx_word' id='word_1_80' title='bbox 891 1932 1077 1999; x_wconf 84' lang='lat' dir='ltr'><strong>illaetabilis</strong></span> <span class='ocrx_word' id='word_1_81' title='bbox 1099 1934 1176 2020; x_wconf 83' lang='lat' dir='ltr'><strong>igne</strong></span> <span class='ocrx_word' id='word_1_82' title='bbox 1198 1942 1338 1999; x_wconf 87' lang='lat' dir='ltr'><strong>eometes</strong></span> 
     </span>
     <span class='ocr_line' id='line_1_15' title="bbox 508 2040 1403 2127; baseline 0.002 -22"><span class='ocrx_word' id='word_1_83' title='bbox 508 2040 696 2127; x_wconf 80' lang='lat' dir='ltr'><strong>Regnorum</strong></span> <span class='ocrx_word' id='word_1_84' title='bbox 719 2063 855 2107; x_wconf 86' lang='lat' dir='ltr'><strong>oeeasus</strong></span> <span class='ocrx_word' id='word_1_85' title='bbox 878 2062 1058 2127; x_wconf 84' lang='lat' dir='ltr'><strong>regumque</strong></span> <span class='ocrx_word' id='word_1_86' title='bbox 1080 2050 1226 2107; x_wconf 85' lang='lat' dir='ltr'><strong>extrema</strong></span> <span class='ocrx_word' id='word_1_87' title='bbox 1248 2040 1403 2123; x_wconf 62' lang='lat' dir='ltr'><strong>minatum</strong></span> 
     </span>
     <span class='ocr_line' id='line_1_16' title="bbox 509 2144 1358 2233; baseline -0.001 -21"><span class='ocrx_word' id='word_1_88' title='bbox 509 2144 577 2212; x_wconf 90' lang='lat' dir='ltr'><strong>Ora</strong></span> <span class='ocrx_word' id='word_1_89' title='bbox 599 2156 657 2213; x_wconf 88' lang='lat' dir='ltr'><strong>aut</strong></span> <span class='ocrx_word' id='word_1_90' title='bbox 679 2169 756 2213; x_wconf 88' lang='lat' dir='ltr'><strong>oum</strong></span> <span class='ocrx_word' id='word_1_91' title='bbox 778 2146 928 2213; x_wconf 82' lang='lat' dir='ltr'><strong>Phoebus</strong></span> <span class='ocrx_word' id='word_1_92' title='bbox 951 2146 1053 2212; x_wconf 85' lang='lat' dir='ltr'><strong>radiis</strong></span> <span class='ocrx_word' id='word_1_93' title='bbox 1075 2145 1217 2213; x_wconf 85' lang='lat' dir='ltr'><strong>ooonltat</strong></span> <span class='ocrx_word' id='word_1_94' title='bbox 1238 2147 1358 2233; x_wconf 89' lang='lat' dir='ltr'><strong>opertis</strong></span> 
     </span>
    </p>

    <p class='ocr_par' dir='ltr' id='par_1_6' title="bbox 405 2251 1430 2773">
     <span class='ocr_line' id='line_1_17' title="bbox 405 2251 1430 2341; baseline 0.001 -23"><span class='ocrx_word' id='word_1_95' title='bbox 405 2275 475 2319; x_wconf 71' lang='lat' dir='ltr'><strong>sio.</strong></span> <span class='ocrx_word' id='word_1_96' title='bbox 509 2253 722 2341; x_wconf 76' lang='lat' dir='ltr'><strong>lininittitque</strong></span> <span class='ocrx_word' id='word_1_97' title='bbox 744 2253 816 2320; x_wconf 86' lang='lat' dir='ltr'><strong>orbi</strong></span> <span class='ocrx_word' id='word_1_98' title='bbox 838 2252 988 2320; x_wconf 78' lang='lat' dir='ltr'><strong>tenebrae</strong></span> <span class='ocrx_word' id='word_1_99' title='bbox 1012 2263 1203 2341; x_wconf 81' lang='lat' dir='ltr'><strong>reatamque</strong></span> <span class='ocrx_word' id='word_1_100' title='bbox 1225 2251 1430 2341; x_wconf 82' lang='lat' dir='ltr'><strong>profundam,</strong></span> 
     </span>
     <span class='ocr_line' id='line_1_18' title="bbox 509 2359 1377 2452; baseline 0 -25"><span class='ocrx_word' id='word_1_101' title='bbox 509 2362 550 2427; x_wconf 86' lang='lat' dir='ltr'><strong>Iu</strong></span> <span class='ocrx_word' id='word_1_102' title='bbox 572 2360 680 2427; x_wconf 80' lang='lat' dir='ltr'><strong>inedie</strong></span> <span class='ocrx_word' id='word_1_103' title='bbox 703 2383 879 2449; x_wconf 78' lang='lat' dir='ltr'><strong>properans</strong></span> <span class='ocrx_word' id='word_1_104' title='bbox 902 2362 1032 2446; x_wconf 78' lang='lat' dir='ltr'><strong>regione</strong></span> <span class='ocrx_word' id='word_1_105' title='bbox 1055 2360 1207 2449; x_wconf 87' lang='lat' dir='ltr'><strong>liquentis</strong></span> <span class='ocrx_word' id='word_1_106' title='bbox 1230 2359 1377 2452; x_wconf 82' lang='lat' dir='ltr'><strong>Olympl;</strong></span> 
     </span>
     <span class='ocr_line' id='line_1_19' title="bbox 508 2467 1327 2558; baseline -0.001 -22"><span class='ocrx_word' id='word_1_107' title='bbox 508 2468 573 2536; x_wconf 85' lang='lat' dir='ltr'><strong>Seu</strong></span> <span class='ocrx_word' id='word_1_108' title='bbox 596 2491 672 2535; x_wconf 87' lang='lat' dir='ltr'><strong>eum</strong></span> <span class='ocrx_word' id='word_1_109' title='bbox 695 2469 774 2535; x_wconf 88' lang='lat' dir='ltr'><strong>luna</strong></span> <span class='ocrx_word' id='word_1_110' title='bbox 795 2468 882 2555; x_wconf 86' lang='lat' dir='ltr'><strong>olim,</strong></span> <span class='ocrx_word' id='word_1_111' title='bbox 904 2469 1009 2536; x_wconf 70' lang='lat' dir='ltr'><strong>umetis</strong></span> <span class='ocrx_word' id='word_1_112' title='bbox 1032 2467 1175 2537; x_wconf 75' lang='lat' dir='ltr'><strong>uolumen</strong></span> <span class='ocrx_word' id='word_1_113' title='bbox 1198 2490 1327 2558; x_wconf 85' lang='lat' dir='ltr'><strong>eponae,</strong></span> 
     </span>
     <span class='ocr_line' id='line_1_20' title="bbox 509 2575 1236 2662; baseline -0.001 -19"><span class='ocrx_word' id='word_1_114' title='bbox 509 2575 660 2643; x_wconf 74' lang='lat' dir='ltr'><strong>Ostendit</strong></span> <span class='ocrx_word' id='word_1_115' title='bbox 681 2578 776 2643; x_wconf 86' lang='lat' dir='ltr'><strong>terris</strong></span> <span class='ocrx_word' id='word_1_116' title='bbox 799 2577 950 2643; x_wconf 85' lang='lat' dir='ltr'><strong>viduatos</strong></span> <span class='ocrx_word' id='word_1_117' title='bbox 971 2576 1095 2643; x_wconf 90' lang='lat' dir='ltr'><strong>lumine</strong></span> <span class='ocrx_word' id='word_1_118' title='bbox 1117 2576 1236 2662; x_wconf 85' lang='lat' dir='ltr'><strong>vultus,</strong></span> 
     </span>
     <span class='ocr_line' id='line_1_21' title="bbox 508 2681 1331 2773; baseline -0.002 -24"><span class='ocrx_word' id='word_1_119' title='bbox 508 2684 577 2749; x_wconf 83' lang='lat' dir='ltr'><strong>Aut</strong></span> <span class='ocrx_word' id='word_1_120' title='bbox 599 2705 682 2770; x_wconf 90' lang='lat' dir='ltr'><strong>quae</strong></span> <span class='ocrx_word' id='word_1_121' title='bbox 705 2694 841 2750; x_wconf 87' lang='lat' dir='ltr'><strong>naturae</strong></span> <span class='ocrx_word' id='word_1_122' title='bbox 864 2684 915 2750; x_wconf 87' lang='lat' dir='ltr'><strong>vis</strong></span> <span class='ocrx_word' id='word_1_123' title='bbox 937 2684 1165 2771; x_wconf 86' lang='lat' dir='ltr'><strong>omnipotentis</strong></span> <span class='ocrx_word' id='word_1_124' title='bbox 1189 2681 1331 2773; x_wconf 87' lang='lat' dir='ltr'>Olympo</span> 
     </span>
    </p>

    <p class='ocr_par' dir='ltr' id='par_1_7' title="bbox 405 2787 1429 3095">
     <span class='ocr_line' id='line_1_22' title="bbox 405 2787 1400 2857; baseline 0.002 -3"><span class='ocrx_word' id='word_1_125' title='bbox 405 2811 477 2855; x_wconf 78' lang='lat' dir='ltr'><strong>ars.</strong></span> <span class='ocrx_word' id='word_1_126' title='bbox 512 2790 633 2855; x_wconf 85' lang='lat' dir='ltr'><strong>Exeita</strong></span> <span class='ocrx_word' id='word_1_127' title='bbox 654 2789 753 2856; x_wconf 90' lang='lat' dir='ltr'><strong>rebus</strong></span> <span class='ocrx_word' id='word_1_128' title='bbox 775 2792 859 2857; x_wconf 86' lang='lat' dir='ltr'><strong>inest</strong></span> <span class='ocrx_word' id='word_1_129' title='bbox 881 2812 991 2855; x_wconf 90' lang='lat' dir='ltr'><strong>rerum</strong></span> <span class='ocrx_word' id='word_1_130' title='bbox 1013 2799 1046 2855; x_wconf 91' lang='lat' dir='ltr'><strong>et</strong></span> <span class='ocrx_word' id='word_1_131' title='bbox 1068 2787 1272 2855; x_wconf 81' lang='lat' dir='ltr'><strong>discriminat</strong></span> <span class='ocrx_word' id='word_1_132' title='bbox 1294 2796 1400 2856; x_wconf 84' lang='lat' dir='ltr'><strong>aetus:</strong></span> 
     </span>
     <span class='ocr_line' id='line_1_23' title="bbox 509 2894 1429 2986; baseline 0 -24"><span class='ocrx_word' id='word_1_133' title='bbox 509 2897 666 2984; x_wconf 80' lang='lat' dir='ltr'><strong>Magnum</strong></span> <span class='ocrx_word' id='word_1_134' title='bbox 689 2921 770 2986; x_wconf 85' lang='lat' dir='ltr'><strong>opus</strong></span> <span class='ocrx_word' id='word_1_135' title='bbox 792 2896 937 2963; x_wconf 87' lang='lat' dir='ltr'><strong>humana</strong></span> <span class='ocrx_word' id='word_1_136' title='bbox 958 2907 990 2963; x_wconf 89' lang='lat' dir='ltr'><strong>et</strong></span> <span class='ocrx_word' id='word_1_137' title='bbox 1012 2897 1071 2962; x_wconf 87' lang='lat' dir='ltr'><strong>vix</strong></span> <span class='ocrx_word' id='word_1_138' title='bbox 1094 2894 1319 2985; x_wconf 78' lang='lat' dir='ltr'><strong>exsuperabile</strong></span> <span class='ocrx_word' id='word_1_139' title='bbox 1342 2918 1429 2962; x_wconf 86' lang='lat' dir='ltr'><strong>eura.</strong></span> 
     </span>
     <span class='ocr_line' id='line_1_24' title="bbox 510 3002 1358 3095; baseline -0.002 -24"><span class='ocrx_word' id='word_1_140' title='bbox 510 3004 571 3071; x_wconf 80' lang='lat' dir='ltr'><strong>Est</strong></span> <span class='ocrx_word' id='word_1_141' title='bbox 593 3014 625 3071; x_wconf 90' lang='lat' dir='ltr'><strong>et</strong></span> <span class='ocrx_word' id='word_1_142' title='bbox 647 3005 816 3095; x_wconf 88' lang='lat' dir='ltr'><strong>apollineis</strong></span> <span class='ocrx_word' id='word_1_143' title='bbox 838 3005 930 3072; x_wconf 87' lang='lat' dir='ltr'><strong>loeus</strong></span> <span class='ocrx_word' id='word_1_144' title='bbox 953 3003 1087 3091; x_wconf 85' lang='lat' dir='ltr'><strong>artibus,</strong></span> <span class='ocrx_word' id='word_1_145' title='bbox 1110 3003 1215 3070; x_wconf 86' lang='lat' dir='ltr'><strong>obsita</strong></span> <span class='ocrx_word' id='word_1_146' title='bbox 1238 3002 1358 3070; x_wconf 79' lang='lat' dir='ltr'><strong>morbis</strong></span> 
     </span>
    </p>
   </div>
   <div class='ocr_carea' id='block_1_4' title="bbox 407 3111 1462 3523">
    <p class='ocr_par' dir='ltr' id='par_1_8' title="bbox 508 3111 1382 3309">
     <span class='ocr_line' id='line_1_25' title="bbox 508 3111 1382 3203; baseline -0.003 -23"><span class='ocrx_word' id='word_1_147' title='bbox 508 3112 652 3202; x_wconf 63' lang='lat' dir='ltr'><strong>Corpore</strong></span> <span class='ocrx_word' id='word_1_148' title='bbox 673 3136 757 3203; x_wconf 89' lang='lat' dir='ltr'><strong>quae</strong></span> <span class='ocrx_word' id='word_1_149' title='bbox 779 3113 844 3182; x_wconf 87' lang='lat' dir='ltr'><strong>leto</strong></span> <span class='ocrx_word' id='word_1_150' title='bbox 865 3114 1005 3203; x_wconf 89' lang='lat' dir='ltr'><strong>eripiant</strong></span> <span class='ocrx_word' id='word_1_151' title='bbox 1027 3112 1168 3200; x_wconf 84' lang='lat' dir='ltr'><strong>fatisque</strong></span> <span class='ocrx_word' id='word_1_152' title='bbox 1191 3111 1359 3201; x_wconf 82' lang='lat' dir='ltr'><strong>supremis,</strong></span> <span class='ocrx_word' id='word_1_153' title='bbox 1380 3118 1382 3123; x_wconf 77' lang='grc'><strong>“</strong></span> 
     </span>
     <span class='ocr_line' id='line_1_26' title="bbox 511 3218 1339 3309; baseline -0.002 -22"><span class='ocrx_word' id='word_1_154' title='bbox 511 3220 668 3309; x_wconf 78' lang='lat' dir='ltr'><strong>Quaeque</strong></span> <span class='ocrx_word' id='word_1_155' title='bbox 690 3222 905 3308; x_wconf 85' lang='lat' dir='ltr'><strong>adventantis,</strong></span> <span class='ocrx_word' id='word_1_156' title='bbox 927 3222 1085 3309; x_wconf 87' lang='lat' dir='ltr'><strong>meliores,</strong></span> <span class='ocrx_word' id='word_1_157' title='bbox 1108 3220 1213 3287; x_wconf 84' lang='lat' dir='ltr'><strong>tristia</strong></span> <span class='ocrx_word' id='word_1_158' title='bbox 1234 3218 1339 3286; x_wconf 91' lang='lat' dir='ltr'><strong>morbi</strong></span> 
     </span>
    </p>

    <p class='ocr_par' dir='ltr' id='par_1_9' title="bbox 407 3328 1462 3523">
     <span class='ocr_line' id='line_1_27' title="bbox 407 3328 1413 3417; baseline 0 -27"><span class='ocrx_word' id='word_1_159' title='bbox 407 3346 476 3392; x_wconf 85' lang='lat' dir='ltr'><strong>sao.</strong></span> <span class='ocrx_word' id='word_1_160' title='bbox 511 3328 643 3396; x_wconf 85' lang='lat' dir='ltr'><strong>Semina</strong></span> <span class='ocrx_word' id='word_1_161' title='bbox 664 3328 863 3417; x_wconf 80' lang='lat' dir='ltr'><strong>praesident,</strong></span> <span class='ocrx_word' id='word_1_162' title='bbox 886 3330 1073 3416; x_wconf 80' lang='lat' dir='ltr'><strong>intactaque</strong></span> <span class='ocrx_word' id='word_1_163' title='bbox 1095 3349 1231 3415; x_wconf 89' lang='lat' dir='ltr'><strong>eorpora</strong></span> <span class='ocrx_word' id='word_1_164' title='bbox 1253 3330 1413 3393; x_wconf 77' lang='lat' dir='ltr'><strong>servent1.</strong></span> 
     </span>
     <span class='ocr_line' id='line_1_28' title="bbox 512 3432 1462 3523; baseline -0.003 -23"><span class='ocrx_word' id='word_1_165' title='bbox 512 3434 577 3501; x_wconf 87' lang='lat' dir='ltr'><strong>Hie</strong></span> <span class='ocrx_word' id='word_1_166' title='bbox 599 3459 735 3522; x_wconf 90' lang='lat' dir='ltr'><strong>quoque,</strong></span> <span class='ocrx_word' id='word_1_167' title='bbox 757 3435 948 3523; x_wconf 78' lang='lat' dir='ltr'><strong>pontificum</strong></span> <span class='ocrx_word' id='word_1_168' title='bbox 971 3436 1123 3501; x_wconf 86' lang='lat' dir='ltr'><strong>maiestas</strong></span> <span class='ocrx_word' id='word_1_169' title='bbox 1146 3455 1274 3499; x_wconf 88' lang='lat' dir='ltr'><strong>summa</strong></span> <span class='ocrx_word' id='word_1_170' title='bbox 1296 3432 1462 3513; x_wconf 88' lang='lat' dir='ltr'><strong>Quiritum</strong></span> 
     </span>
    </p>
   </div>
   <div class='ocr_carea' id='block_1_5' title="bbox 407 3537 1488 4701">
    <p class='ocr_par' dir='ltr' id='par_1_10' title="bbox 407 3537 1488 4701">
     <span class='ocr_line' id='line_1_29' title="bbox 512 3537 1380 3629; baseline -0.005 -22"><span class='ocrx_word' id='word_1_171' title='bbox 512 3540 596 3621; x_wconf 88' lang='lat' dir='ltr'><strong>Quis</strong></span> <span class='ocrx_word' id='word_1_172' title='bbox 617 3550 710 3628; x_wconf 80' lang='lat' dir='ltr'><strong>regat</strong></span> <span class='ocrx_word' id='word_1_173' title='bbox 732 3542 886 3629; x_wconf 90' lang='lat' dir='ltr'><strong>imperiis,</strong></span> <span class='ocrx_word' id='word_1_174' title='bbox 909 3563 974 3627; x_wconf 88' lang='lat' dir='ltr'><strong>qua</strong></span> <span class='ocrx_word' id='word_1_175' title='bbox 995 3539 1068 3627; x_wconf 87' lang='lat' dir='ltr'><strong>lege</strong></span> <span class='ocrx_word' id='word_1_176' title='bbox 1091 3547 1237 3605; x_wconf 86' lang='lat' dir='ltr'><strong>eoereeat</strong></span> <span class='ocrx_word' id='word_1_177' title='bbox 1260 3537 1380 3623; x_wconf 89' lang='lat' dir='ltr'><strong>orbem,</strong></span> 
     </span>
     <span class='ocr_line' id='line_1_30' title="bbox 510 3643 1436 3735; baseline -0.003 -23"><span class='ocrx_word' id='word_1_178' title='bbox 510 3646 614 3713; x_wconf 86' lang='lat' dir='ltr'><strong>Nosse</strong></span> <span class='ocrx_word' id='word_1_179' title='bbox 636 3656 694 3733; x_wconf 85' lang='lat' dir='ltr'><strong>est,</strong></span> <span class='ocrx_word' id='word_1_180' title='bbox 716 3646 878 3713; x_wconf 90' lang='lat' dir='ltr'><strong>humanae</strong></span> <span class='ocrx_word' id='word_1_181' title='bbox 900 3647 1005 3735; x_wconf 90' lang='lat' dir='ltr'><strong>posita</strong></span> <span class='ocrx_word' id='word_1_182' title='bbox 1027 3653 1076 3712; x_wconf 84' lang='lat' dir='ltr'><strong>est</strong></span> <span class='ocrx_word' id='word_1_183' title='bbox 1098 3666 1182 3732; x_wconf 90' lang='lat' dir='ltr'><strong>quae</strong></span> <span class='ocrx_word' id='word_1_184' title='bbox 1204 3643 1318 3731; x_wconf 86' lang='lat' dir='ltr'><strong>regula</strong></span> <span class='ocrx_word' id='word_1_185' title='bbox 1339 3644 1436 3711; x_wconf 87' lang='lat' dir='ltr'><strong>vitae.</strong></span> 
     </span>
     <span class='ocr_line' id='line_1_31' title="bbox 511 3750 1311 3843; baseline -0.005 -22"><span class='ocrx_word' id='word_1_186' title='bbox 511 3754 636 3822; x_wconf 89' lang='lat' dir='ltr'><strong>Ultima</strong></span> <span class='ocrx_word' id='word_1_187' title='bbox 657 3754 782 3822; x_wconf 90' lang='lat' dir='ltr'><strong>sidereo</strong></span> <span class='ocrx_word' id='word_1_188' title='bbox 805 3754 950 3821; x_wconf 80' lang='lat' dir='ltr'><strong>condunt</strong></span> <span class='ocrx_word' id='word_1_189' title='bbox 973 3761 1072 3843; x_wconf 85' lang='lat' dir='ltr'><strong>oapnt</strong></span> <span class='ocrx_word' id='word_1_190' title='bbox 1095 3750 1199 3819; x_wconf 87' lang='lat' dir='ltr'><strong>ardua</strong></span> <span class='ocrx_word' id='word_1_191' title='bbox 1221 3750 1311 3819; x_wconf 90' lang='lat' dir='ltr'><strong>eaelo</strong></span> 
     </span>
     <span class='ocr_line' id='line_1_32' title="bbox 409 3862 1182 3946; baseline -0.001 -20"><span class='ocrx_word' id='word_1_192' title='bbox 409 3883 478 3928; x_wconf 85' lang='lat' dir='ltr'><strong>sss.</strong></span> <span class='ocrx_word' id='word_1_193' title='bbox 511 3863 635 3929; x_wconf 87' lang='lat' dir='ltr'><strong>Divino</strong></span> <span class='ocrx_word' id='word_1_194' title='bbox 658 3886 728 3929; x_wconf 86' lang='lat' dir='ltr'><strong>sese</strong></span> <span class='ocrx_word' id='word_1_195' title='bbox 750 3862 860 3928; x_wconf 90' lang='lat' dir='ltr'><strong>studia</strong></span> <span class='ocrx_word' id='word_1_196' title='bbox 881 3862 1062 3929; x_wconf 81' lang='lat' dir='ltr'><strong>attollentia</strong></span> <span class='ocrx_word' id='word_1_197' title='bbox 1084 3869 1182 3946; x_wconf 85' lang='lat' dir='ltr'><strong>motu,</strong></span> 
     </span>
     <span class='ocr_line' id='line_1_33' title="bbox 511 3964 1433 4053; baseline -0.005 -19"><span class='ocrx_word' id='word_1_198' title='bbox 511 3968 594 4049; x_wconf 87' lang='lat' dir='ltr'><strong>Quis</strong></span> <span class='ocrx_word' id='word_1_199' title='bbox 616 3968 750 4034; x_wconf 84' lang='lat' dir='ltr'><strong>meliora</strong></span> <span class='ocrx_word' id='word_1_200' title='bbox 770 3967 917 4034; x_wconf 89' lang='lat' dir='ltr'><strong>homines</strong></span> <span class='ocrx_word' id='word_1_201' title='bbox 940 3976 1102 4053; x_wconf 88' lang='lat' dir='ltr'><strong>nequeant</strong></span> <span class='ocrx_word' id='word_1_202' title='bbox 1123 3964 1330 4051; x_wconf 90' lang='lat' dir='ltr'><strong>humanaque</strong></span> <span class='ocrx_word' id='word_1_203' title='bbox 1352 3986 1433 4030; x_wconf 88' lang='lat' dir='ltr'><strong>eura</strong></span> 
     </span>
     <span class='ocr_line' id='line_1_34' title="bbox 511 4068 1375 4161; baseline -0.005 -22"><span class='ocrx_word' id='word_1_204' title='bbox 511 4073 684 4160; x_wconf 82' lang='lat' dir='ltr'><strong>Quaerere,</strong></span> <span class='ocrx_word' id='word_1_205' title='bbox 707 4075 780 4161; x_wconf 86' lang='lat' dir='ltr'><strong>quis</strong></span> <span class='ocrx_word' id='word_1_206' title='bbox 801 4083 868 4139; x_wconf 91' lang='lat' dir='ltr'><strong>toto</strong></span> <span class='ocrx_word' id='word_1_207' title='bbox 891 4072 972 4138; x_wconf 89' lang='lat' dir='ltr'><strong>nihil</strong></span> <span class='ocrx_word' id='word_1_208' title='bbox 995 4080 1045 4138; x_wconf 93' lang='lat' dir='ltr'><strong>est</strong></span> <span class='ocrx_word' id='word_1_209' title='bbox 1066 4070 1266 4160; x_wconf 86' lang='lat' dir='ltr'><strong>praeelarina</strong></span> <span class='ocrx_word' id='word_1_210' title='bbox 1289 4068 1375 4136; x_wconf 83' lang='lat' dir='ltr'><strong>orbe</strong></span> 
     </span>
     <span class='ocr_line' id='line_1_35' title="bbox 511 4174 1488 4269; baseline -0.004 -24"><span class='ocrx_word' id='word_1_211' title='bbox 511 4178 651 4246; x_wconf 78' lang='lat' dir='ltr'><strong>Credere</strong></span> <span class='ocrx_word' id='word_1_212' title='bbox 674 4180 753 4269; x_wconf 91' lang='lat' dir='ltr'><strong>qnid</strong></span> <span class='ocrx_word' id='word_1_213' title='bbox 777 4180 827 4245; x_wconf 84' lang='lat' dir='ltr'><strong>faa</strong></span> <span class='ocrx_word' id='word_1_214' title='bbox 850 4190 898 4245; x_wconf 85' lang='lat' dir='ltr'><strong>est</strong></span> <span class='ocrx_word' id='word_1_215' title='bbox 920 4179 1054 4265; x_wconf 86' lang='lat' dir='ltr'><strong>homini,</strong></span> <span class='ocrx_word' id='word_1_216' title='bbox 1077 4177 1163 4265; x_wconf 92' lang='lat' dir='ltr'><strong>quod</strong></span> <span class='ocrx_word' id='word_1_217' title='bbox 1186 4176 1319 4244; x_wconf 87' lang='lat' dir='ltr'><strong>eredere</strong></span> <span class='ocrx_word' id='word_1_218' title='bbox 1341 4174 1488 4263; x_wconf 86' lang='lat' dir='ltr'><strong>dignum,</strong></span> 
     </span>
     <span class='ocr_line' id='line_1_36' title="bbox 510 4282 1407 4374; baseline -0.003 -22"><span class='ocrx_word' id='word_1_219' title='bbox 510 4284 574 4352; x_wconf 85' lang='lat' dir='ltr'><strong>Illa</strong></span> <span class='ocrx_word' id='word_1_220' title='bbox 595 4284 725 4371; x_wconf 79' lang='lat' dir='ltr'><strong>‹lueent3</strong></span> <span class='ocrx_word' id='word_1_221' title='bbox 748 4288 874 4355; x_wconf 88' lang='lat' dir='ltr'><strong>animos</strong></span> <span class='ocrx_word' id='word_1_222' title='bbox 895 4297 1027 4354; x_wconf 86' lang='lat' dir='ltr'><strong>aeterna</strong></span> <span class='ocrx_word' id='word_1_223' title='bbox 1050 4284 1093 4351; x_wconf 83' lang='lat' dir='ltr'><strong>ad</strong></span> <span class='ocrx_word' id='word_1_224' title='bbox 1115 4282 1238 4373; x_wconf 80' lang='lat' dir='ltr'><strong>gaudia</strong></span> <span class='ocrx_word' id='word_1_225' title='bbox 1260 4293 1407 4374; x_wconf 77' lang='lat' dir='ltr'><strong>possunt,</strong></span> 
     </span>
     <span class='ocr_line' id='line_1_37' title="bbox 407 4392 1281 4463; baseline -0.001 -3"><span class='ocrx_word' id='word_1_226' title='bbox 407 4415 475 4461; x_wconf 81' lang='lat' dir='ltr'><strong>sao.</strong></span> <span class='ocrx_word' id='word_1_227' title='bbox 509 4394 663 4461; x_wconf 83' lang='lat' dir='ltr'><strong>Mollibus</strong></span> <span class='ocrx_word' id='word_1_228' title='bbox 686 4404 718 4463; x_wconf 89' lang='lat' dir='ltr'><strong>et</strong></span> <span class='ocrx_word' id='word_1_229' title='bbox 740 4396 837 4463; x_wconf 86' lang='lat' dir='ltr'><strong>iussis</strong></span> <span class='ocrx_word' id='word_1_230' title='bbox 860 4404 983 4462; x_wconf 79' lang='lat' dir='ltr'><strong>aeuum</strong></span> <span class='ocrx_word' id='word_1_231' title='bbox 1006 4393 1156 4461; x_wconf 88' lang='lat' dir='ltr'><strong>mortalia</strong></span> <span class='ocrx_word' id='word_1_232' title='bbox 1180 4392 1281 4461; x_wconf 88' lang='lat' dir='ltr'><strong>eorda</strong></span> 
     </span>
     <span class='ocr_line' id='line_1_38' title="bbox 510 4499 1301 4591; baseline -0.003 -23"><span class='ocrx_word' id='word_1_233' title='bbox 510 4501 620 4591; x_wconf 83' lang='lat' dir='ltr'><strong>Atque</strong></span> <span class='ocrx_word' id='word_1_234' title='bbox 641 4512 750 4571; x_wconf 82' lang='lat' dir='ltr'><strong>ereata</strong></span> <span class='ocrx_word' id='word_1_235' title='bbox 772 4503 837 4569; x_wconf 90' lang='lat' dir='ltr'><strong>alto</strong></span> <span class='ocrx_word' id='word_1_236' title='bbox 860 4502 986 4571; x_wconf 79' lang='lat' dir='ltr'><strong>laniunt</strong></span> <span class='ocrx_word' id='word_1_237' title='bbox 1008 4524 1179 4591; x_wconf 85' lang='lat' dir='ltr'><strong>assurgere</strong></span> <span class='ocrx_word' id='word_1_238' title='bbox 1202 4499 1301 4587; x_wconf 85' lang='lat' dir='ltr'><strong>eaelo,</strong></span> 
     </span>
     <span class='ocr_line' id='line_1_39' title="bbox 512 4609 1335 4701; baseline -0.004 -24"><span class='ocrx_word' id='word_1_239' title='bbox 512 4610 732 4679; x_wconf 87' lang='lat' dir='ltr'><strong>Immortalem</strong></span> <span class='ocrx_word' id='word_1_240' title='bbox 753 4610 877 4679; x_wconf 88' lang='lat' dir='ltr'><strong>homini</strong></span> <span class='ocrx_word' id='word_1_241' title='bbox 900 4612 987 4679; x_wconf 87' lang='lat' dir='ltr'><strong>solae</strong></span> <span class='ocrx_word' id='word_1_242' title='bbox 1010 4609 1202 4701; x_wconf 88' lang='lat' dir='ltr'><strong>spondentia</strong></span> <span class='ocrx_word' id='word_1_243' title='bbox 1225 4609 1335 4697; x_wconf 88' lang='lat' dir='ltr'><strong>vitum,</strong></span> 
     </span>
    </p>
   </div>
   <div class='ocr_carea' id='block_1_6' title="bbox 409 4747 611 4758">
    <p class='ocr_par' dir='ltr' id='par_1_11' title="bbox 409 4747 611 4758">
     <span class='ocr_line' id='line_1_40' title="bbox 409 4747 611 4758; baseline 0 -1"><span class='ocrx_word' id='word_1_244' title='bbox 409 4747 611 4758; x_wconf 72' lang='lat'><em>.-..-...—---</em></span> 
     </span>
    </p>
   </div>
   <div class='ocr_carea' id='block_1_7' title="bbox 515 4806 967 4882">
    <p class='ocr_par' dir='ltr' id='par_1_12' title="bbox 515 4806 967 4882">
     <span class='ocr_line' id='line_1_41' title="bbox 515 4806 967 4882; baseline -0.004 -19"><span class='ocrx_word' id='word_1_245' title='bbox 515 4806 524 4839; x_wconf 90' lang='lat'><strong>¹</strong></span> <span class='ocrx_word' id='word_1_246' title='bbox 542 4808 606 4863; x_wconf 76' lang='lat' dir='ltr'><strong>uo.</strong></span> <span class='ocrx_word' id='word_1_247' title='bbox 626 4809 813 4882; x_wconf 54' lang='lat' dir='ltr'><strong>„praesidere</strong></span> <span class='ocrx_word' id='word_1_248' title='bbox 831 4809 967 4867; x_wconf 72' lang='lat' dir='ltr'><strong>asmant‘.</strong></span> 
     </span>
    </p>
   </div>
   <div class='ocr_carea' id='block_1_8' title="bbox 0 0 2071 5767">
    <p class='ocr_par' dir='ltr' id='par_1_13' title="bbox 0 0 2071 5767">
     <span class='ocr_line' id='line_1_42' title="bbox 0 0 2071 5767; baseline 0 0"><span class='ocrx_word' id='word_1_249' title='bbox 0 0 2071 5767; x_wconf 95' lang='lat' dir='ltr'><strong> </strong></span> 
     </span>
    </p>
   </div>
  </div>
 </body>
</html>
