4109 5767
890 763 1057 801 neuturus.
1512 748 1534 814 9

495 954 586 1036 Quin
607 955 713 1042 magis
735 954 921 1042 indignans,
944 954 1017 1020 dire
1039 977 1100 1022 esu
1123 955 1238 1044 pulsus
1259 957 1366 1046 Eriuy
1374 959 1394 1044 ¹,

495 1062 537 1128 In
558 1060 716 1152 templum
738 1061 893 1129 frendens
914 1062 981 1128 ruit
1003 1059 1217 1151 obiurgetque
1240 1073 1402 1132 morantes

495 1170 658 1256 Armetos,
679 1169 803 1236 resides
826 1170 960 1256 enimes,
983 1168 1129 1236 imbellia
1150 1169 1250 1236 eorde

497 1274 681 1362 Exehmet,
704 1276 760 1364 qui
783 1299 849 1343 non
870 1275 937 1342 iem
960 1275 1087 1343 (ludum
1108 1299 1152 1343 ex
1174 1275 1255 1344 sedo
1273 1275 1431 1344 revellunt

391 1404 463 1450 ree.
493 1382 686 1450 Pontifieem
708 1393 741 1450 et
762 1383 865 1450 saeris
888 1392 1076 1471 operantem
1098 1383 1198 1450 easds
1220 1393 1399 1472 erusntent,

497 1486 716 1578 Sueeeditqus
737 1491 827 1579 operi
849 1489 1007 1558 seelereto
1030 1499 1063 1558 ot
1085 1489 1189 1558 fertur
1210 1490 1245 1556 iu
1267 1489 1401 1578 hostem,
1425 1530 1462 1544 -
1498 1491 1501 1498 ’

495 1597 571 1663 Non
592 1595 727 1686 hostem,
749 1597 866 1666 infelix
888 1598 946 1667 sed
969 1621 1068 1688 quem
1090 1597 1154 1666 sibi
1177 1598 1299 1668 feoerst
1320 1597 1454 1666 hostem.

495 1707 658 1774 Dextrum
679 1707 860 1776 iniecturus
882 1709 1012 1797 iamque
1035 1706 1210 1775 avulsurus
1232 1707 1274 1775 eb
1297 1731 1355 1775 ure

495 1814 698 1902 Pontifieem‚
721 1814 870 1904 ferroque
891 1817 1001 1882 virum
1023 1814 1146 1882 violsrs
1168 1824 1301 1905 perotus

391 1939 463 1986 res.
492 1921 601 2008 Atque
623 1920 710 2006 deos,
731 1930 818 1988 rotro
838 1943 899 1988 rex
921 1922 947 1986 it
970 1959 1013 1972 -
1037 1921 1186 1988 mirabile
1207 1922 1282 1986 visu
1304 1959 1349 1972 -

496 2025 538 2089 In
560 2033 744 2112 terramque
766 2025 826 2090 ulli
847 2049 914 2093 non
935 2035 1044 2092 taetus
1065 2026 1209 2092 volvitur
1230 2047 1342 2091 emens

495 2129 659 2216 Protinus,
680 2130 897 2218 immotusque
919 2131 1005 2198 ieret
1027 2153 1088 2198 eeu
1111 2139 1248 2196 truneus
1269 2127 1361 2195 humi
1382 2151 1452 2195 rex.

496 2233 576 2299 Mox
598 2256 736 2322 surgens
758 2235 931 2323 animoque
952 2245 1118 2324 resumpto
1139 2257 1253 2301 rursus
1276 2235 1311 2300 in
1333 2256 1425 2300 uram

476 2337 529 2402 'It
551 2339 701 2426 ferroque
724 2349 823 2428 ceput
845 2341 995 2408 facientis
1020 2363 1115 2407 suere
1137 2340 1256 2408 eeeidit

392 2463 464 2508 ivo.
493 2443 663 2510 Pontifieis
685 2466 881 2533 sessumque
903 2444 1003 2512 trehit
1025 2445 1189 2512 violentus
1212 2444 1253 2511 eb
1277 2467 1343 2530 eru,

490 2549 585 2622 ‘Ante
607 2549 757 2639 foresque
779 2561 875 2618 neret
895 2551 1016 2639 templi.
1051 2551 1214 2618 Timuisse
1236 2549 1419 2640 putendum
1440 2559 1490 2618 est

496 2657 672 2724 Toetorum
694 2679 809 2724 ossum
830 2668 863 2726 et
885 2659 1065 2748 proesentis
1088 2659 1231 2725 numinis
1253 2658 1346 2746 irenu

495 2764 547 2831 Ns
570 2787 641 2832 sese
663 2765 771 2832 medie
793 2765 916 2833 vindex
938 2767 973 2832 iu
996 2765 1097 2834 eusde
1119 2765 1256 2834 leouner

496 2870 623 2940 Obruot
646 2882 679 2940 st
701 2873 890 2942 seelerotem
913 2875 1066 2962 enimam,
1088 2871 1209 2941 seslsro
1232 2872 1317 2940 ultor
1340 2873 1477 2963 inipso,

394 2999 465 3050 rus.
494 2979 634 3049 Auserat
656 2981 740 3048 irete
763 2981 880 3050 dextre
902 2983 995 3050 Deus
1017 2992 1050 3050 et
1073 3005 1152 3050 nsee
1175 3004 1281 3069 suove,

498 3090 653 3180 Quosque
674 3092 787 3160 furens
809 3092 927 3158 unieris
949 3090 1087 3159 violaret
1110 3101 1253 3184 martyre
1276 3113 1380 3180 eroso,

497 3198 573 3286 Ipse
595 3222 711 3267 eruore
733 3223 792 3267 suo
814 3210 959 3267 seemtus
981 3199 1107 3266 imbuet
1130 3222 1212 3266 eres.

586 3306 661 3372 Non
683 3307 762 3372 setis
784 3307 920 3373 immuni
944 3307 1050 3373 lueret
1073 3329 1233 3394 sesvequs
1254 3315 1396 3397 tyranno

495 3411 689 3478 Poetilieem
710 3414 779 3478 vits
802 3412 995 3500 spoliasset
1018 3421 1161 3478 sternere
1184 3411 1278 3498 ferro,

393 3535 464 3580 use.
495 3515 653 3582 sanetum
674 3518 869 3604 pontillum,
892 3518 956 3582 nisi
979 3526 1111 3582 eentum
1132 3517 1167 3580 in
1189 3517 1294 3582 frusto
1316 3515 1459 3582 oedevsr

498 3621 696 3689 llnssseest
718 3633 912 3711 spargetque
934 3631 1099 3690 seerstum
1122 3643 1239 3709 eorpus
1261 3623 1297 3687 in
1319 3643 1426 3688 sures.

499 3727 586 3795 Ante
608 3729 694 3796 feres
716 3751 794 3818 ergo
816 3753 881 3796 non
904 3752 970 3796 uno
991 3726 1284 3795 vulnere'esedem

499 3835 642 3924 Expedit
667 3875 709 3886 -
731 3837 846 3904 offensi
868 3836 947 3925 quid
970 3859 1037 3903 non
1060 3836 1140 3903 feeit
1161 3835 1212 3901 ire
1233 3834 1388 3926 tyranni?

498 3941 539 4008 In
561 3953 670 4029 portes
693 3966 810 4031 eoqsue
833 3966 931 4010 soevo
952 3952 1042 4010 secet
1064 3964 1141 4009 ense
1164 3942 1315 4007 minutus.

392 4065 464 4111 sss.
495 4045 1533 4137 Hineeuputindemenusdsxtremhineetqueindesinisuem,

498 4152 582 4221 Inde
602 4154 711 4242 pedes,
732 4177 841 4243 genus
862 4153 941 4221 hino
964 4154 1090 4220 divellit
1112 4152 1153 4219 ab
1177 4151 1313 4218 enubus
1336 4160 1444 4220 ortus:

498 4259 573 4326 Non
595 4267 687 4350 tergo
709 4261 823 4329 eervix
844 4260 1030 4329 lrumsrisvs
1051 4258 1184 4328 haesere
1206 4257 1330 4346 lueerti,

482 4367 573 4434 >Non
596 4370 684 4436 eruri
707 4370 822 4459 femur,
845 4369 968 4437 evulsis
992 4392 1057 4437 non
1079 4367 1161 4435 tibie
1184 4368 1277 4434 suris.

498 4474 665 4544 Burburus
688 4487 725 4544 ut
746 4477 912 4568 quondum
935 4501 1011 4546 euro
1033 4473 1166 4545 erudele
1187 4484 1352 4566 perempto

362 4738 369 4751 ·
501 4726 511 4758 ¹
529 4729 627 4780 Formo
643 4727 712 4781 lisso
726 4735 803 4781 seret
819 4727 981 4780 seewrltsts
992 4727 1171 4794 sutheereru
1191 4725 1316 4778 Ceterum
1327 4721 1410 4776 serris
1422 4721 1535 4777 exhibet

387 4817 476 4887 ἂμ]
493 4817 579 4871 stlte
596 4816 655 4884 ipss
673 4819 705 4869 R
722 4815 829 4870 virosus
846 4815 994 4884 scripsisse.
