4109 5767
1375 729 1538 825 „aa

397 810 539 817 —————
554 811 688 819 v—--u---
701 814 707 819 .
722 812 820 819 -----..-
834 812 953 821 ---..--
967 814 995 821 --
1089 814 1115 821 ..-
1167 814 1298 821 -—..-..
1337 816 1342 821 .
1354 816 1371 821 .-

503 935 671 1003 Feotinare
693 935 809 1023 obitur,
832 935 970 1005 Laeheei
993 946 1026 1005 et
1049 928 1126 1003 data
1148 959 1249 1025 penea
1272 937 1413 1027 benigne

501 1042 612 1108 Invita
633 1065 805 1131 properare
828 1066 936 1130 manu,
959 1066 999 1111 ao
1021 1054 1092 1110 rate
1115 1043 1239 1111 eolvere
1262 1044 1352 1111 sato?
1466 1103 1468 1107 .
1556 1048 1562 1055 '

501 1148 684 1217 Rumoree¹
706 1150 831 1239 quotiea
855 1150 958 1239 eparei
981 1152 1140 1219 oeeidieae
1162 1152 1313 1239 diemque

417 1276 467 1323 eo.
499 1255 664 1325 Olaueieee
685 1268 876 1345 extremum,
897 1260 1019 1348 primae
1042 1260 1098 1349 qui
1122 1268 1231 1327 oanut
1255 1258 1298 1325 ad
1321 1281 1403 1345 arae,

501 1364 700 1451 Pontifioem‚
723 1364 882 1433 affluxere
904 1388 1015 1433 omnen
1038 1375 1136 1455 atque
1157 1365 1273 1433 horrea
1296 1374 1421 1433 nonunt

500 1471 661 1560 Diripere,
683 1473 832 1561 ingentes
855 1474 951 1540 sarria
973 1474 1170 1563 populantur
1191 1496 1334 1541 aoervos.

501 1577 659 1647 Introiere
681 1579 802 1667 domne,
825 1579 973 1670 duraque
994 1582 1106 1648 excisa
1128 1581 1261 1670 bipenni

501 1684 652 1753 Claustra
673 1688 838 1775 effregero,
860 1710 900 1755 ae
922 1689 1001 1754 nuni
1023 1690 1182 1777 penuaria
1203 1688 1293 1777 longi

420 1811 468 1857 ee.
499 1792 669 1879 Expilaut3
691 1816 791 1879 gazae
814 1816 875 1861 neo
897 1796 1002 1882 paruit
1024 1795 1145 1883 praedo
1167 1804 1323 1883 repostae,

502 1895 611 1978 Quam
633 1908 749 1964 oautue
771 1909 864 1987 pater
886 1900 1003 1966 infodit
1025 1900 1141 1967 tellure
1164 1900 1225 1966 enb
1247 1902 1322 1965 ima.
1386 1892 1390 1900 ’

470 2076 473 2080 ,
502 2004 629 2071 Ouuota
651 2013 775 2092 patent:
799 2006 921 2071 ferrum
943 2016 976 2073 et
998 2007 1156 2074 scelerata
1177 2007 1318 2092 lieentia,
1340 2006 1449 2093 legum

501 2110 735 2199 contemptrix,
757 2110 888 2178 domitia
909 2114 1050 2201 erumpit
1072 2114 1106 2178 in
1129 2113 1239 2178 omnia
1260 2112 1363 2179 teotia.

503 2218 596 2301 Quae
617 2228 788 2309 exportare
811 2220 931 2310 nequit,
954 2221 1040 2288 ferro
1063 2228 1215 2311 eorrupta
1238 2218 1391 2309 relinquit

420 2348 469 2393 eo.
499 2326 622 2415 Igneve
645 2351 743 2396 saeva
765 2351 895 2413 manue3
917 2330 1011 2397 teotie
1034 2352 1140 2397 vaeua
1162 2329 1271 2395 omnia
1293 2350 1406 2395 oernee

504 2433 677 2524 Soieeuque
699 2437 876 2527 fractaque.
904 2438 971 2503 Vix
994 2436 1126 2504 domino
1147 2436 1256 2505 looera
1278 2436 1360 2502 atriu
1383 2443 1516 2513 restant

503 2541 695 2609 Pontifieem
717 2543 881 2630 miserum,
905 2546 958 2612 eui
981 2545 1058 2611 vivo
1082 2542 1217 2632 eontigit
1239 2542 1350 2610 hereat

594 2648 660 2723 Sed
682 2674 746 2716 non
771 2652 931 2717 immerito
954 2652 1147 2739 oontingunt
1169 2650 1248 2715 talia
1270 2648 1434 2737 quondam

503 2754 665 2839 Pontifioi,
687 2758 742 2844 qui
765 2779 830 2822 non
852 2758 954 2822 iuetoe
977 2768 1123 2823 uenerat
1144 2757 1178 2821 in
1202 2779 1281 2821 neue

423 2880 473 2926 ea.
503 2860 660 2947 Pauperis
681 2860 850 2947 horriduli
873 2860 962 2949 plebi·
982 2862 1040 2928 eed
1063 2883 1182 2927 avarne
1205 2883 1327 2948 agaurw

506 2964 560 3029 Ad
582 2964 699 3031 luxum
720 2989 908 3056 vanumque
930 2968 1041 3055 deone,
1063 2968 1115 3036 vel
1139 2969 1248 3034 neeoio
1270 2965 1382 3055 quales

507 3072 701 3163 cogitatae
723 3094 857 3166 pompae
880 3076 972 3166 largo
995 3074 1191 3167 profundere
1213 3073 1337 3143 dextra
1386 3078 1390 3087 '

508 3182 592 3271 Heu,
615 3206 681 3251 nou
703 3184 824 3275 praeda
845 3184 971 3273 domne,
993 3186 1115 3275 epareie
1137 3182 1322 3252 rumoribus
1346 3182 1426 3269 istie,

506 3290 561 3355 Fit
583 3290 688 3376 medo,
711 3292 768 3358 eed
791 3292 918 3376 titulue3
942 3316 1018 3358 nam
1041 3294 1097 3381 qni
1119 3292 1250 3358 nudavit
1272 3292 1307 3355 iu
1330 3288 1406 3355 aula

426 3416 475 3460 ro.
504 3395 655 3483 Largior,
678 3406 710 3462 et
731 3396 841 3486 plures
864 3409 1013 3464 numerat
1034 3398 1205 3464 tremuisse
1227 3394 1425 3477 deoeurbree,

508 3498 630 3565 Debita
652 3502 784 3568 servitio
806 3524 867 3569 eeu
890 3504 1046 3568 uomina²
1068 3503 1200 3589 oerripit
1224 3500 1307 3566 ultro

509 3604 695 3693 Exsultane,
716 3608 900 3695 gaudetque
923 3608 1118 3696 superstite⁸
1140 3606 1288 3695 praesule
1310 3602 1440 3693 praesul

509 3712 599 3779 Vooe
621 3712 756 3780 minturi
778 3715 899 3806 populi,
921 3715 1053 3806 dieique
1075 3714 1198 3783 beatur„

509 3818 654 3887 Fortuna
675 3820 739 3889 hao
761 3822 845 3889 aliua
869 3823 1000 3913 fatoque
1021 3822 1165 3890 exsultat
1186 3820 1309 3909 eodem,

428 3948 477 3992 re.
508 3926 613 4009 Quem
636 3950 807 4015 prooerum
830 3930 924 3996 favor
946 3929 1032 3996 altne
1054 3930 1122 4016 alit,
1144 3930 1240 3997 ouire
1262 3929 1329 3994 altu
1350 3933 1518 4014 potantum

510 4033 614 4122 Stirpa
638 4035 762 4102 animoa
785 4037 875 4105 eaelo
898 4036 1015 4104 attollit
1037 4059 1192 4126 spemque
1213 4035 1321 4102 attulit
1343 4032 1436 4099 ultro.

510 4140 582 4207 Iam
604 4151 703 4231 eaput
725 4143 780 4210 hio
802 4154 892 4210 notat
914 4154 1080 4232 tamqnam
1103 4144 1230 4210 eervioe
1253 4144 1369 4209 tiaram

511 4246 676 4316 Sustineat
698 4249 876 4341 dextraque
899 4250 1028 4341 pedum.
1054 4251 1126 4317 Non
1152 4249 1285 4316 ultimus
1308 4248 1363 4317 ille
1385 4257 1434 4315 eet

514 4534 522 4565 ¹
541 4535 655 4591 Geraia:
675 4540 850 4599 ,mnorem·.

511 4620 524 4654 ³
541 4624 625 4678 vetuti
643 4642 689 4679 aee
707 4625 835 4692 ellenon,
852 4626 922 4695 quod
937 4626 1048 4679 territto
1060 4642 1209 4694 operaeque
1220 4632 1337 4679 erratu
1348 4622 1469 4691 debetur,
1487 4637 1546 4675 eor·

400 4714 471 4782 rtptt
489 4714 605 4767 titutum.

510 4798 523 4832 ⁸
541 4802 674 4867 „nondum
692 4802 819 4857 hemam*
839 4803 955 4857 retulere
972 4804 1063 4857 dioere
1081 4803 1188 4856 videtur
1205 4810 1292 4870 poeta
