4109 5767
845 765 1055 803 ofltmmtttttol.

490 957 697 1046 Olmlmiains,
722 961 803 1026 ritus
828 961 926 1048 quisei
950 959 1140 1025 ‹ubsorvutor
1164 971 1305 1051 uterque,

491 1069 596 1146 Quem
621 1067 694 1154 sibi,
716 1092 811 1156 quem
836 1069 921 1134 natis
945 1069 1090 1157 serisque
1113 1069 1284 1157 nepotibus
1306 1068 1385 1134 olim

385 1193 457 1236 eso.
493 1173 690 1262 Proponunt,
713 1175 868 1264 quioquid
893 1176 1009 1241 delirat
1031 1177 1128 1263 Saxo,
1151 1176 1332 1243 ooleadum.

578 1283 753 1349 Sandivoin
778 1284 871 1350 nefas
895 1285 941 1349 ait
964 1285 1079 1370 ingens
1102 1284 1271 1350 Zelseius¹
1293 1285 1359 1350 aris

488 1390 644 1472 Deseitis,
668 1390 820 1475 &ratane
844 1391 909 1456 tuis
932 1413 1017 1455 nova
1039 1412 1195 1478 (quaerere
1217 1391 1312 1467 lanu¹

493 1495 562 1560 lloo
586 1495 724 1580 suboles,
747 1496 808 1561 hoo
832 1507 899 1561 tota
922 1497 1038 1561 (lomus
1061 1520 1136 1563 enrn
1159 1496 1257 1564 laude
1279 1505 1391 1564 seeute
1412 1507 1471 1564 est.

579 1605 686 1692 Atque
708 1604 771 1669 lide
795 1606 914 1670 seriens
938 1604 1025 1670 lratul
1049 1603 1258 1670 Rakitaieius
1281 1603 1349 1685 ulli,

385 1734 456 1777 ers.
495 1711 584 1776 ltlern
609 1712 726 1776 animis
750 1733 825 1776 noer
848 1713 1049 1799 sumptisque
1072 1712 1239 1777 interritus
1262 1712 1395 1775 armis’

574 1818 617 1881 Et
640 1841 707 1900 vos,
730 1817 863 1883 Glovini
887 1817 1106 1904 Vithoovique
1128 1817 1184 1881 illa
1206 1817 1319 1901 secuti,

488 1921 581 2000 Quae
603 1923 703 1986 vestri
727 1922 856 1988 soluere
880 1935 997 2010 patres,
1020 1922 1218 2008 Orloviuque
1240 1921 1350 1986 audax

488 2024 674 2111 Progenies,
696 2049 793 2112 quern
817 2028 974 2092 Mavortis
998 2026 1217 2112 pulcherrime
1239 2025 1315 2091 duri

488 2129 653 2196 Exercent
675 2129 793 2214 attalia,
816 2130 902 2196 haud
928 2141 1045 2196 munitus
1068 2130 1244 2218 mollesque
1266 2129 1412 2198 ehoreae.

382 2255 453 2300 sao.
579 2236 620 2302 llt
644 2235 760 2304 ‹luxti-a
784 2247 950 2327 pronqttna
976 2236 1149 2303 latumias
1173 2236 1257 2323 italo,
1280 2258 1341 2304 aas
1364 2235 1448 2303 ullas

484 2344 550 2424 Qui
575 2355 703 2433 praeter
726 2345 821 2410 latias
844 2347 906 2411 soit
929 2345 1171 2434 Nassegnevius
1194 2369 1268 2411 snus
1290 2385 1334 2394 -

484 2452 715 2541 Messalasque
739 2476 814 2520 acer
837 2452 935 2519 simul
959 2453 1173 2537 Ostrovieius,
1196 2455 1296 2519 armis

485 2559 674 2626 (lenientes
697 2561 879 2649 animisque
901 2573 933 2628 et
953 2560 1025 2627 telis
1049 2583 1181 2626 currere
1204 2561 1237 2624 ia
1260 2561 1394 2627 hostem.

574 2668 692 2754 Ignati,
714 2691 779 2756 qua
803 2690 872 2734 sese
895 2670 988 2734 etl'ert
1010 2668 1161 2736 Sic-mnia
1183 2667 1278 2735 tellus

373 2796 455 2842 sese.
490 2775 658 2860 Progenie,
681 2796 742 2839 neo
765 2797 856 2840 mens
879 2774 977 2862 friget
999 2785 1065 2859 tun,
1089 2774 1183 2839 (loom
1206 2775 1369 2861 iuventae,

486 2882 602 2968 lgnati,
627 2881 818 2967 nnnlerator,
841 2905 954 2947 inritans
979 2882 1106 2970 pietatis
1129 2892 1162 2948 et
1185 2880 1271 2948 idem

487 2988 559 3054 Nan
583 2988 694 3077 tanqli
717 2999 774 3056 aut
797 2989 871 3054 alim
896 2989 970 3055 tirloi
996 2989 1277 3058 «leumaniae.

572 3098 741 3184 Oraeovia,
765 3097 880 3165 urbani
905 3099 1088 3164 oonstrmtie
1110 3121 1238 3163 sumum
1260 3109 1391 3166 senatus

484 3205 569 3270 Nota
592 3207 639 3271 tui
662 3216 720 3290 est,
742 3205 817 3271 fidei
842 3206 956 3272 merito
978 3227 1073 3292 quem
1094 3204 1208 3272 ‹ttaoro
1231 3216 1360 3272 nostrae

373 3332 452 3375 »ssu
487 3311 663 3378 Custodem
687 3335 852 3399 rnagnmm
877 3313 905 3377 si
928 3313 1100 3399 quiequam
1121 3321 1171 3376 est
1193 3312 1316 3378 ordinis
1339 3314 1419 3398 eius,

486 3417 752 3483 Bartholomaeus
774 3417 872 3484 habet
895 3418 1026 3483 laudem
1049 3428 1237 3506 partemque
1259 3419 1442 3505 Cremerae,

483 3525 632 3588 Iustitiae
655 3523 822 3589 eonsultns
845 3521 941 3588 homo
965 3524 1132 3589 consultus
1154 3534 1186 3590 et
1208 3525 1312 3612 sequi.

574 3629 627 3696 Ad
652 3652 800 3717 proceros
823 3628 912 3694 alara
935 3639 967 3696 et
989 3630 1162 3698 Lituanise
1184 3633 1316 3697 aomina
1338 3634 1445 3720 gentis

484 3737 603 3801 Nostra
626 3735 763 3821 gradum
788 3735 851 3801 lert
873 3737 969 3800 Musa
991 3735 1104 3801 volens
1127 3737 1309 3824 festinaque
1331 3740 1445 3827 pergit.

372 3867 452 3913 aas.
489 3842 554 3906 Hie
576 3840 670 3906 nobis
694 3841 812 3924 fueras,
834 3839 929 3905 heros
952 3839 1128 3924 ltedivile,³
1150 3841 1326 3927 cauendus,

482 3947 579 4014 Olies
601 3969 664 4032 quo
687 3943 808 4030 gautlet
832 3944 925 4029 duee,
948 3967 1013 4031 quo
1036 3945 1187 4010 Nesnisia
1210 3947 1305 4011 tellus

484 4050 637 4118 Exsultat
660 4059 812 4138 tantoque
836 4049 916 4115 adeo
940 4073 974 4115 ae
999 4051 1098 4115 iacuit
1120 4049 1260 4135 alumno,

482 4157 587 4243 Clara,
612 4155 667 4222 sed
692 4156 808 4220 immiti
831 4156 1132 4243 septem-subiecta
1155 4157 1251 4222 triani

490 4449 603 4504 ''ltelalri
624 4449 750 4518 fflziwtlj
771 4457 825 4503 tntu
846 4451 1009 4504 castellanos
1027 4454 1195 4506 ‹loturiaonsis
1215 4457 1297 4509 luisse
1320 4458 1426 4511 rislotur
1443 4457 1517 4526 (Nio-

378 4541 566 4594 sucht-tumr.
588 4541 669 4593 llerb.
691 4540 741 4594 lus
759 4543 816 4610 sq).

487 4629 573 4684 'teil
593 4631 643 4684 lme
661 4637 768 4684 secutas
787 4639 835 4684 est.

484 4718 495 4748 ¹
513 4722 583 4771 Ceut
598 4721 631 4771 de
649 4721 749 4782 eodem,
769 4737 838 4787 quae
857 4723 952 4790 scripsi
972 4725 1050 4775 huius
1069 4726 1121 4776 rol.
1139 4741 1183 4792 μς.
1203 4725 1247 4790 72,
1267 4733 1293 4778 et
1306 4727 1409 4779 minora
1422 4730 1516 4782 llvol.

370 4809 500 4860 armine
514 4809 548 4858 aul
567 4809 679 4861 earrdem
698 4810 807 4877 scripta.
