4109 5767
376 885 429 902 .-
635 812 839 863 trtrr'aassntrmt
856 812 1007 861 sternantur
1025 810 1048 859 r'l
1066 815 1099 859 ar
1118 810 1249 860 aarum
1473 790 1525 877 49

377 892 1515 915 ..-.=.——·*·.*..—-=·*—·-—···——·-—'=—-—-.:·::5-.-=

380 1039 448 1085 ιιι.
478 1018 616 1105 Deinde,
639 1017 696 1085 ubi
719 1028 884 1085 sacratum
907 1018 1039 1087 caelesti
1061 1017 1102 1087 ab
1126 1017 1203 1085 sede
1225 1010 1405 1085 Tonantem

479 1124 652 1194 Sacratum
673 1126 708 1190 in
731 1135 887 1213 crustum,
909 1148 993 1214 quae
1014 1125 1104 1193 dicta
1126 1135 1175 1192 est
1197 1124 1302 1191 hostia
1324 1122 1428 1209 nobis,

480 1229 631 1298 Deduxit
652 1230 792 1319 praesul,
814 1270 859 1281 -
881 1254 990 1297 rernm
1012 1231 1171 1298 miracula
1194 1252 1293 1319 supra

479 1336 546 1401 Res
568 1336 646 1401 olim
668 1358 833 1421 concessa,
855 1358 931 1402 snos
952 1358 1029 1401 cum
1052 1335 1184 1401 dederet
1206 1344 1296 1401 artus

480 1440 625 1506 Bissenis
648 1441 745 1507 sociis
769 1440 897 1507 caelum
919 1440 1083 1506 rediturus
1105 1441 1208 1525 lesus,

379 1566 446 1611 rso.
476 1546 507 1610 Α
531 1544 673 1611 tenebris
697 1545 841 1612 referens
863 1554 972 1634 patres
994 1543 1199 1611 stellantibus
1221 1545 1319 1630 auris,
1342 1582 1385 1595 —

479 1648 612 1717 Elisabe
635 1672 745 1716 meras
768 1650 991 1739 supplexque¹
1014 1650 1152 1717 accessit
1174 1648 1216 1715 ad
1239 1660 1313 1717 uras

478 1756 587 1843 Atque
609 1756 682 1822 Deo
704 1755 877 1843 gravidum
900 1764 1046 1822 crustum
1069 1754 1245 1843 divinaque
1267 1752 1335 1821 liba

478 1861 545 1929 Ore
565 1861 684 1949 bausit,
707 1861 863 1951 divosque
885 1862 1003 1928 animis
1030 1862 1187 1951 concepit,
1209 1872 1241 1929 et
1263 1870 1351 1928 astra

478 1968 583 2036 Plena
604 1969 676 2035 Deo
698 1970 771 2035 visa
792 1978 842 2036 est
863 1968 1012 2035 tellurem
1035 1990 1205 2057 assurgere
1227 1990 1337 2057 supra:

377 2098 444 2143 sss.
474 2073 647 2144 Sarmatici
671 2084 835 2164 sceptrum
857 2076 950 2164 regni
973 2074 1093 2144 dehinc
1114 2076 1278 2143 maximus
1299 2075 1394 2144 heros

477 2182 654 2251 (damnatus
677 2183 812 2253 dextrae
834 2184 978 2272 insertut,
1001 2183 1104 2252 solido
1127 2183 1254 2253 addidit
1277 2206 1356 2253 auro

478 2293 607 2362 Laevae
629 2292 741 2361 orbem
763 2303 795 2362 et
818 2294 917 2383 capiti
940 2294 1102 2384 insignem
1126 2294 1183 2363 dat
1206 2294 1291 2363 forre
1313 2316 1476 2381 coronam,

479 2401 657 2468 Ardentem
680 2402 817 2491 gemmis
840 2402 1006 2490 signisque
1028 2424 1172 2489 auroque
1193 2402 1360 2490 rigentem.

571 2507 628 2575 Sic
650 2508 805 2596 insignita
827 2509 948 2576 excelsi
971 2507 1056 2575 redit
1078 2508 1144 2575 alta
1166 2507 1284 2575 theatri

375 2634 446 2679 rso.
478 2614 533 2679 Ad
555 2612 645 2700 solia,
667 2613 862 2702 egregioque
883 2613 1025 2681 resedit¹
1046 2614 1160 2681 iuncta
1182 2615 1306 2681 marito.

344 2784 348 2794 ,
477 2719 565 2785 Hinc
588 2728 685 2807 atquc
706 2718 783 2785 inde
806 2719 917 2786 oculos
940 2720 1099 2786 convertit
1121 2720 1157 2786 in
1179 2718 1270 2785 illam

475 2824 621 2891 Intentos
643 2824 813 2913 populnsl,
836 2825 931 2893 celsis
953 2826 1009 2915 qui
1033 2826 1116 2893 sorte
1139 2825 1299 2892 columnis

476 2932 636 2999 Haeserat
658 2940 755 3020 atque
778 2931 868 2999 chori
891 2931 1040 2999 trabibus
1060 2931 1224 3020 pendebat
1246 2931 1287 2998 ab
1311 2931 1395 3018 altis,

475 3038 553 3106 Sive
575 3038 730 3106 Stunislai
752 3037 920 3127 spectabat
942 3038 983 3107 ab
1007 3062 1110 3128 usque
1132 3039 1281 3129 sepulcro

375 3167 442 3211 iss.
473 3145 609 3233 Sacrati,
631 3146 684 3213 vel
707 3147 734 3213 si
757 3170 822 3235 qna
844 3146 948 3215 oculis
970 3151 1027 3213 se⁴
1049 3148 1163 3236 pervia
1183 3145 1316 3235 praebet

474 3252 580 3338 Rima,
602 3253 707 3320 aciem
729 3261 826 3341 queat
849 3261 885 3319 nt
906 3262 1034 3320 tantum
1055 3252 1249 3321 contendere
1272 3261 1397 3336 contrsq

474 3359 590 3428 Cetera
612 3382 690 3427 nam
711 3382 859 3449 proceres
882 3360 1082 3449 complerant
1104 3361 1213 3427 omnia
1235 3359 1308 3427 lata

473 3466 605 3534 Gaudet
627 3469 774 3555 reginam
796 3467 934 3556 populus
957 3477 1104 3556 spectare
1127 3467 1275 3557 superbis

474 3573 514 3639 In
538 3574 683 3662 sceptris,
705 3581 886 3661 gestantem
908 3572 1019 3640 orbem
1043 3596 1234 3662 sacramque
1257 3594 1419 3659 coronam,

374 3700 440 3746 rto.
470 3680 625 3748 Attonitis
647 3680 777 3748 inhians
800 3682 927 3747 animis.
957 3680 1026 3748 Gen
1050 3702 1182 3749 cernere
1203 3680 1314 3746 vultus

473 3788 611 3877 Regales
633 3788 710 3857 olim
733 3790 832 3857 fuerit
854 3789 931 3856 data
953 3790 1047 3878 eopia
1069 3812 1246 3878 nunquam,

472 3894 597 3962 Obtntn
619 3896 706 3963 fixus
728 3905 792 3964 stat
815 3897 949 3985 longum
970 3898 1124 3964 immotus
1146 3898 1181 3963 in
1205 3918 1284 3981 nno;

472 4001 613 4068 Tantum
635 4003 670 4069 in
692 4004 825 4091 reginae
847 4013 979 4092 aspectu
1003 4013 1100 4092 atquo
1122 4002 1306 4092 insignibus
1328 4002 1449 4070 haeret.

559 4109 688 4176 Interea
710 4133 841 4176 ararum
863 4110 1029 4199 praecelsa
1052 4109 1093 4177 ab
1117 4110 1193 4177 sede
1216 4110 1367 4178 sacerdos

371 4231 437 4279 us.
466 4212 659 4303 Conversus,
680 4214 778 4305 longa
800 4215 952 4284 decantat
974 4239 1055 4283 voce
1077 4239 1264 4305 supremum

469 4321 732 4411 Dimittensque⁶
753 4325 819 4389 aris
841 4347 944 4413 reges,
966 4346 1115 4413 proceres
1138 4322 1357 4413 populumque

471 4513 480 4546 ¹
498 4516 551 4569 Ele.
569 4532 618 4569 ms.
637 4518 798 4585 Simplicium
824 4518 1002 4585 ,Elisabequs
1020 4533 1113 4571 sacras
1132 4518 1243 4586 supplex
1262 4521 1337 4571 acc·
1374 4519 1377 4525 '

472 4599 551 4658 'lla
572 4606 718 4667 ,modest

471 4688 550 4744 'lla
570 4694 718 4761 „populls“.

470 4777 483 4809 ⁴
500 4782 551 4834 tls.
570 4780 639 4847 „sit

354 4893 360 4905 ·
470 4864 550 4921 'lle
568 4870 815 4939 „Demittsnsqos‘t

468 4961 581 5007 cnr„
599 4960 625 5015 u,
638 4965 657 5017 ι,
