4109 5767
534 754 600 820 122
1010 770 1088 806 sarar
1107 769 1195 805 aorsn

638 963 793 1030 Mortales
816 985 932 1051 parere
954 965 1023 1029 suis
1047 973 1079 1028 et
1101 965 1197 1028 iussit
1218 963 1355 1029 habenis

641 1071 779 1140 Carolus
802 1070 858 1137 ille
880 1081 996 1160 potens
1018 1072 1125 1159 gentis
1148 1081 1302 1159 regnator
1325 1069 1442 1138 iberae

729 1177 914 1247 Illie-bella
936 1203 1036 1246 manu
1060 1189 1093 1246 et
1115 1179 1180 1246 late
1204 1180 1395 1246 vietrieibus
1418 1181 1519 1245 armis

558 1312 606 1356 ro.
638 1287 784 1356 Edidieit
806 1298 948 1355 traetare
970 1299 1003 1356 et
1025 1287 1147 1379 pellere
1169 1288 1291 1354 linibus
1313 1287 1448 1374 hostem,

640 1397 763 1463 Debita
785 1397 865 1485 quin
888 1398 987 1463 etiam
1010 1398 1148 1486 seeptris
1172 1419 1258 1463 nova
1280 1398 1415 1484 iungere
1434 1406 1572 1484 seeptra.

731 1504 795 1569 His
817 1502 962 1590 edoctus,
985 1526 1067 1592 opus
1090 1503 1255 1590 praeduri,
1278 1503 1409 1590 proelia,
1431 1504 1547 1569 Martis

641 1610 853 1697 Aggreditur,
875 1621 1012 1696 vestras,
1035 1610 1171 1696 Moschi,
1195 1649 1238 1659 —
1261 1633 1303 1676 ue
1326 1611 1477 1698 spernite,
1501 1647 1543 1658 -
1567 1617 1684 1696 gentes

642 1716 790 1782 Fusurus
813 1717 1000 1804 patriasque
1022 1739 1122 1782 munu
1146 1716 1307 1782 ducturus
1330 1718 1387 1781 in¹
1409 1738 1483 1781 oras

561 1844 608 1888 rs.
636 1821 803 1910 Captivos,
826 1821 911 1887 bello
934 1822 1043 1888 vietor
1066 1823 1258 1911 magnisque
1281 1823 1421 1911 tropaeis

640 1929 795 2017 Insignis,
817 1929 887 2017 regi
911 1930 1063 2016 Angusto
1085 1929 1242 1995 visendus
1265 1939 1298 1996 et
1320 1929 1391 1996 orbi

640 2035 831 2123 Sarmatico,
854 2058 951 2124 quem
973 2035 1064 2102 mille
1087 2037 1196 2101 virum
1220 2037 1352 2124 eaptiva
1375 2045 1553 2124 sequantur

642 2143 796 2234 Gor-pora,
819 2144 942 2232 eaptiri
966 2166 1083 2209 ourrus
1106 2131 1291 2232 spoliisque
1306 2142 1466 2230 superbus
1554 2187 1556 2192 -

641 2251 736 2319 Miles
759 2254 896 2338 ovans',
918 2250 1020 2319 bostis
1044 2252 1196 2341 perinsus
1220 2251 1380 2340 sanguine
1403 2249 1504 2316 multo

560 2384 608 2428 so.
639 2362 747 2448 Atque
769 2362 886 2448 opibus
908 2361 1003 2426 dives
1026 2359 1138 2447 lurgis,
1160 2383 1242 2448 quas
1264 2360 1401 2425 dextera
1424 2358 1497 2423 fuso

642 2469 808 2558 Corripuit
830 2467 965 2534 Mesobe
988 2468 1120 2554 viatrix,
1143 2478 1175 2533 et
1197 2467 1334 2556 pignora
1357 2465 1443 2532 natis

642 2577 721 2643 Fert
744 2576 911 2644 oernenda
934 2575 1012 2664 suis,
1036 2576 1155 2642 animis
1178 2597 1219 2642 no
1243 2575 1398 2663 segnibus
1421 2595 1513 2640 airino

644 2685 686 2753 Se
709 2695 866 2752 monstret
888 2685 1067 2773 sumpsisse
1090 2683 1279 2772 hostemque
1300 2685 1407 2772 egisse
1430 2705 1488 2772 per
1511 2705 1618 2769 agros,

644 2793 807 2859 Vietriees
831 2793 1011 2880 fugientem
1035 2791 1161 2878 aquilas
1185 2801 1387 2879 augustaque
1411 2791 1513 2878 signa

560 2924 610 2967 ss.
730 2898 872 2980 Quando
887 2900 950 2964 erit
965 2896 1020 2963 ille
1037 2897 1115 2983 dies,
1139 2920 1214 2963 eum
1232 2909 1263 2963 te
1278 2920 1364 2962 nova
1380 2909 1509 2984 seeptro
1524 2897 1682 2962 ferentem

644 3005 813 3070 Victorem
836 3003 1018 3090 aspioium?
1042 3004 1227 3068 venientem
1250 3004 1371 3069 finibus
1394 3001 1469 3086 illis,

643 3109 742 3175 Unde
764 3110 859 3174 ferox
881 3108 1045 3194 Moschus,
1068 3109 1195 3173 Divum
1218 3118 1421 3194 eontemptor
1443 3118 1477 3172 et
1498 3105 1629 3171 aethrae

574 3233 583 3255 '⁴
643 3215 812 3279 Fulminat
835 3215 980 3298 insanus,
1003 3200 1178 3299 vicinoque
1201 3212 1368 3299 improbus
1390 3210 1476 3277 hosti
1507 3264 1509 3268 .

644 3319 793 3403 Insultat,
816 3339 1017 3406 presseque
1040 3318 1121 3382 elios
1144 3319 1229 3384 male
1252 3318 1367 3384 temnit
1389 3326 1421 3382 et
1444 3315 1543 3382 audet

561 3449 610 3495 so.
641 3427 804 3494 Vietriees
827 3425 938 3493 exoire
961 3425 1087 3515 aquilas
1110 3436 1142 3492 et
1164 3425 1288 3515 proelia
1310 3425 1414 3491 inire?

732 3535 780 3601 Te
791 3543 871 3600 tune
882 3533 984 3600 Vilna
995 3534 1122 3622 dueem‚
1140 3534 1227 3602 haud
1241 3536 1339 3602 tantis
1351 3533 1488 3601 adsueta
1500 3530 1683 3622 triumphis,

644 3645 685 3709 In
707 3642 854 3732 pulchris
877 3641 999 3709 laetum
1023 3641 1108 3709 laeta
1132 3643 1350 3710 admirabitur
1372 3643 1500 3729 annisl,

644 3751 747 3839 Signa
770 3761 989 3840 reportantem
1012 3752 1163 3818 vietrieia
1186 3763 1290 3818 marte
1313 3749 1469 3817 seeundo.

732 3859 827 3925 Tune
850 3868 882 3925 et
905 3881 965 3946 ego
990 3859 1134 3924 lirustum
1160 3858 1311 3946 reditura,
1335 3861 1363 3925 si
1386 3859 1456 3925 vitu
1479 3856 1624 3923 manebit

562 3988 611 4033 ss.
642 3967 823 4031 Immatura
846 3977 965 4032 voeant
988 3989 1050 4032 noo
1073 3989 1125 4032 me
1148 3989 1222 4031 meu
1245 3969 1321 4054 tatis,
1345 3967 1490 4034 oamenis

644 4072 818 4160 Dulcibus,
842 4075 937 4140 aonio
959 4095 1120 4140 revocans
1143 4096 1163 4138 a
1186 4076 1312 4140 vertioe
1336 4074 1457 4160 Musas,

645 4178 801 4265 (intubo,
824 4203 1006 4267 nomenque
1030 4192 1123 4246 tuum
1146 4191 1267 4270 tuaque
1290 4182 1403 4247 inolita
1427 4181 1515 4246 faeta

644 4285 956 4361 Vieturisuentura
980 4287 1084 4351 foram
1107 4309 1165 4374 per
1189 4287 1320 4352 saeeulu
1343 4287 1473 4352 obortis.

648 4560 658 4592 ¹
677 4561 755 4613 Corn.
777 4563 844 4626 „ad“
865 4578 926 4614 earn
945 4579 1027 4629 supra
1045 4562 1145 4629 scripto
1166 4564 1236 4628 „in“.

648 4648 659 4680 ¹
676 4651 726 4702 his.
749 4653 855 4715 „ovas“.

533 4795 538 4800 ,
648 4737 722 4791 'ais
740 4756 798 4804 τηις
817 4740 939 4805 suspioor
958 4741 1082 4803 „asinina
