4109 5767
611 809 713 906 {q—
1082 824 1159 861 mur
1178 823 1266 860 norun

635 1041 685 1087 ro.
714 1019 894 1108 Egregium
915 1039 1032 1104 regum
1053 1017 1226 1108 imperium
1248 1040 1329 1106 gens
1352 1019 1463 1086 neseis
1483 1041 1592 1088 rernm

718 1127 845 1216 Effugit
866 1135 899 1194 et
920 1124 1055 1193 demens
1076 1125 1225 1193 meliores
1247 1127 1374 1215 queerit
1394 1124 1548 1196 hebeuee

718 1235 781 1302 His
803 1234 915 1304 subter
936 1233 1057 1302 multus
1078 1233 1271 1325 populorum
1294 1256 1427 1304 eernere
1447 1234 1561 1303 turbas

718 1345 808 1414 Hiuo
829 1355 899 1414 eret
921 1354 1018 1434 etque
1040 1342 1141 1434 illinc,
1164 1353 1329 1435 totumque
1350 1343 1412 1412 sub
1435 1367 1527 1414 mmo
1548 1355 1696 1414 cocetum

715 1453 911 1523 Sarmatiam
932 1452 1099 1543 multoque
1122 1452 1284 1521 undantes
1306 1454 1466 1543 sanguiue
1487 1476 1628 1544 eempos

633 1584 683 1630 uu.
711 1563 819 1630 Marto
839 1583 979 1630 ecoense
1000 1562 1070 1628 sem
1093 1585 1153 1629 sue
1175 1583 1257 1649 gens
1278 1561 1313 1628 in
1335 1563 1464 1629 viscere
1486 1562 1599 1649 fertur,

713 1669 815 1735 Istius
836 1669 907 1754 iste
928 1667 985 1734 ille
1005 1668 1096 1734 illius
1118 1667 1198 1733 dum
1220 1679 1313 1754 peret
1333 1667 1479 1734 habenis.

714 1774 783 1842 Oen
805 1773 971 1860 quendem
992 1773 1141 1840 inclusae
1163 1775 1273 1840 ceveis
1295 1773 1486 1841 volucresve
1508 1774 1646 1863 feraeve,

713 1880 892 1946 Diversum
913 1900 1027 1966 genus,
1050 1877 1223 1946 intendunt
1246 1879 1281 1944 in
1303 1889 1418 1945 mutue
1439 1881 1526 1946 vires

712 1985 869 2072 Vulnere,
890 1984 1169 2074 proscinduntque
1191 1985 1316 2053 elterno
1338 1995 1470 2074 pectore
1491 2008 1610 2074 morsu,

630 2115 680 2159 ee.
709 2091 892 2158 Foedentes
914 2090 1017 2157 multo
1039 2091 1198 2158 lenietum
1221 2093 1382 2179 sunguine
1404 2113 1535 2180 corpus:

713 2196 887 2264 Sarmatici
908 2196 1019 2286 populi
1043 2197 1092 2263 sic
1115 2219 1150 2264 se
1171 2196 1259 2282 hinc,
1282 2198 1351 2264 slo¹
1372 2220 1408 2264 ue
1429 2197 1507 2264 iude
1528 2197 1710 2285 lacessunt,

711 2303 753 2368 In
775 2325 837 2368 sue
859 2302 939 2369 dum
961 2303 1127 2390 stringunt
1149 2303 1302 2368 iurietern
1325 2304 1453 2370 viscere
1475 2303 1633 2392 dextram,

711 2410 825 2477 Vicini
845 2411 1050 2477 immemores
1072 2407 1183 2499 hostis,
1206 2411 1263 2500 qui
1286 2408 1447 2499 plurimus
1469 2410 1546 2478 olim

711 2518 891 2608 Imminuit,
912 2527 1087 2608 nostroque
1109 2516 1150 2584 eb
1174 2518 1236 2586 eo'
1256 2541 1322 2586 non
1344 2519 1491 2609 percitus·
1512 2541 1601 2588 nevo.

629 2650 679 2696 ss.
708 2629 798 2696 Ecce
818 2628 928 2697 hostes
949 2628 1016 2696 leto
1038 2629 1196 2718 spatiosos
1219 2651 1358 2719 eequone
1381 2651 1512 2719 cempos

710 2739 850 2828 Irmene,
872 2738 1000 2806 infestis
1022 2749 1055 2805 et
1077 2747 1191 2806 contre
1213 2739 1383 2828 insurgere
1404 2739 1516 2828 signis.

710 2848 858 2914 Turbete
878 2847 1064 2936 irrumpunt
1087 2848 1122 2914 in
1145 2869 1255 2936 regne,
1277 2858 1310 2914 et
1331 2847 1436 2914 Mente
1459 2847 1560 2914 feroci

710 2955 823 3021 Fortie
844 2953 949 3021 multe
969 2955 1079 3020 virum
1101 2954 1276 3021 demittunt
1299 2976 1435 3043 corpore
1454 2953 1527 3021 leto.

710 3063 881 3150 Diripiunt
901 3061 1039 3150 populos
1061 3072 1094 3128 ct
1116 3085 1193 3150 opes
1215 3061 1413 3149 populentur
1435 3063 1549 3129 evites.

628 3191 677 3236 eo.
707 3168 864 3256 Fordesl,
886 3168 1070 3255 infandum,
1092 3179 1212 3234 matres
1235 3179 1333 3256 utque
1355 3191 1410 3235 ore
1432 3177 1594 3236 tenentem

709 3275 876 3341 Inseutem
897 3295 1057 3340 memmes
1080 3274 1265 3362 nitidaeque
1288 3283 1393 3340 estete
1417 3274 1542 3362 puellas

710 3381 809 3448 Recte
829 3379 931 3447 hostie
954 3381 1057 3447 durus
1079 3391 1152 3470 post
1174 3403 1210 3447 se
1232 3379 1332 3448 trehit
1353 3379 1467 3448 ordino
1488 3379 1594 3470 longo.

709 3489 765 3554 Nil
788 3489 898 3554 rniseri
921 3499 1043 3576 contre
1067 3489 1163 3554 fructi
1186 3487 1340 3554 civilibus
1362 3490 1470 3575 ermis,

710 3594 934 3680 Sauromatem
957 3595 1033 3661 letis
1055 3593 1157 3660 hostis
1180 3594 1367 3660 dominetur
1387 3597 1423 3660 in
1444 3597 1541 3683 egris.

628 3722 676 3769 eu.
706 3703 781 3768 Non
804 3701 907 3789 aliter,
930 3724 1031 3787 quem
1053 3723 1129 3768 cum
1152 3702 1333 3768 commissis
1356 3701 1509 3768 cornibus
1530 3702 1602 3767 ires

709 3809 874 3876 Exercent
895 3809 992 3896 tenui,
1014 3807 1117 3874 multo
1139 3819 1172 3875 et
1195 3831 1229 3874 sc
1251 3808 1387 3875 vulnere
1409 3808 1541 3897 pulsent

707 3916 855 3982 Immites
877 3925 1024 4004 totosque
1046 3915 1160 3981 levent
1183 3916 1327 3982 undante
1351 3937 1474 4002 cruore,

708 4023 910 4112 Improvisus
933 4023 1025 4090 edest
1049 4023 1134 4090 saltu
1156 4023 1253 4112 lupus
1277 4033 1369 4090 ectus
1392 4025 1427 4089 in
1450 4045 1556 4089 ermon

708 4133 957 4220 Disrumpitque
979 4132 1048 4198 fero
1071 4132 1267 4221 trepidantia
1289 4133 1417 4199 viscere
1440 4131 1544 4219 dente,

605 4264 675 4308 seo.
706 4242 776 4306 Nec
798 4239 911 4306 vitulis
933 4241 1047 4327 percit,
1069 4263 1130 4306 nec
1153 4242 1264 4306 vaccis
1287 4240 1430 4326 mitibus,
1453 4242 1541 4327 egris

707 4349 747 4413 ln
771 4347 886 4414 mediis
909 4347 974 4413 lete
996 4358 1124 4414 teneres
1148 4347 1358 4415 tondentibus
1379 4346 1507 4434 herbas,

684 4532 809 4542 -.---.

710 4646 719 4676 ¹
737 4647 789 4698 uls.
810 4647 864 4712 ,⁸1⁸
885 4645 926 4714 (l).

708 4734 720 4766 ¹
737 4737 786 4788 tls.
810 4735 919 4801 ,suet

705 4822 862 4879 'Abulites
885 4824 937 4878 hoc
960 4824 1094 4878 edlsctlvo
1117 4824 1151 4877 de
1175 4824 1337 4878 homiuibus.
1365 4826 1458 4879 Potuit
1481 4825 1614 4880 scribere:
1634 4825 1747 4895 tlemus,

599 4913 750 4985 Interdum,
769 4914 922 4982 presides...
