4109 5767
941 1817 1021 1878 Vll.

784 2017 1175 2127 SATIRICA.

953 2457 1005 2522 21.

675 2653 1277 2730 BACCHEIDOS

906 2841 998 2898 tiber
1017 2842 1056 2898 1¹.

513 3018 637 3085 Pocula
660 3017 888 3086 Sauromatum
911 3017 1019 3085 dicam
1042 3038 1229 3106 moremque
1250 3015 1384 3085 bibendi

514 3125 695 3211 Servatum,
717 3123 826 3212 gelido
849 3123 945 3192 tellus
967 3147 1033 3213 qua
1055 3135 1148 3212 posta
1169 3123 1231 3191 sub
1254 3147 1317 3192 axe
1339 3135 1397 3191 eet.

515 3233 591 3300 Huc
613 3233 700 3318 ades,
723 3256 743 3298 o
765 3233 901 3316 brace,
924 3241 980 3297 tao
1003 3255 1077 3298 mea
1098 3232 1245 3298 carmina
1267 3230 1392 3318 comple

512 3339 655 3404 Numine
677 3349 928 3425 susceptumque
949 3337 1062 3402 volens
1084 3358 1239 3423 percurre
1260 3335 1415 3424 laborem,

455 3463 481 3508 e.
512 3443 556 3508 Et
577 3442 714 3530 dignare
736 3452 809 3508 tuos
832 3464 960 3508 mecam
985 3452 1117 3507 cantare
1138 3441 1287 3528 Polonos,

513 3548 636 3615 Pocula
658 3548 838 3636 gaudentes
861 3547 946 3614 inter
968 3569 1161 3635 mensaeque
1183 3546 1304 3635 beatos,

515 3655 653 3721 Laetum
667 3653 835 3721 hominum
851 3676 955 3741 genus
974 3663 1007 3721 et
1022 3663 1080 3720 tna
1090 3663 1220 3742 gentem
1235 3653 1278 3721 ad
1291 3653 1415 3744 gaudia
1425 3664 1548 3720 nutum.

515 3876 522 3908 ¹
543 3879 676 3946 Scriptum
695 3887 736 3931 est
755 3879 805 3934 hoc
823 3896 932 3933 carmen
951 3887 998 3932 aot
1022 3881 1081 3947 ipro
1106 3895 1177 3932 enno
1202 3877 1271 3934 tota
1289 3885 1338 3932 aot
1361 3879 1453 3946 paullo
1478 3883 1546 3946 poet,

404 3974 477 4020 certe
497 3973 560 4020 ante
579 3984 603 4018 a.
625 3966 702 4033 1545,
727 3986 779 4036 quo
805 3971 923 4032 illisam,
951 3970 1115 4037 sigismundi
1143 3970 1258 4037 Augusti
1283 3985 1358 4032 uxor,
1385 3968 1453 4021 obiit
1476 3968 1547 4019 diem

406 4071 558 4121 supremum
577 4057 664 4121 (Ocni.
684 4073 708 4107 v.
728 4057 763 4110 92
781 4059 858 4124 squ).
891 4057 1054 4121 Quodlibet
1073 4059 1086 4108 1
1110 4058 1237 4108 caminis
1261 4063 1440 4122 nuncupetur,
1468 4061 1547 4122 poete

405 4143 495 4209 plnres
520 4142 579 4193 elne
603 4145 708 4210 generis
739 4145 887 4211 scripturus
912 4146 995 4196 larisse
1018 4146 1133 4208 videtur,
1152 4160 1316 4211 quemquam
1337 4145 1385 4208 eis,
1408 4158 1478 4209 quae
1501 4159 1548 4194 ex·

405 4235 487 4292 stent,
506 4229 639 4296 perlectis,
659 4231 704 4282 vix
723 4232 801 4298 plara
819 4232 1020 4285 desideraveris.
1046 4235 1208 4285 heserntur
1228 4231 1278 4286 hoc
1299 4248 1408 4284 carmen
1433 4230 1544 4282 inllbro

407 4323 482 4370 raeto.
503 4318 650 4372 cornicensi
677 4337 720 4387 pp.
739 4319 882 4376 libb-403
906 4328 934 4374 et
959 4322 986 4372 la
1005 4329 1083 4374 meto.
1105 4338 1126 4372 e.
1146 4323 1210 4373 xvt
1228 4320 1354 4373 namnet
1377 4318 1481 4372 1vtot.
1501 4335 1544 4386 η.

405 4405 513 4461 'lb-'lb
537 4408 727 4474 (bibliothecen
753 4409 894 4462 Michaelis
918 4410 1076 4462 Socanieckl
1096 4411 1202 4462 Name
1225 4410 1259 4462 od
1279 4409 1435 4462 Chelarum
1458 4407 1546 4474 sitae).

404 4497 500 4548 Metus.
520 4512 591 4548 corn.
615 4497 724 4550 exhibet
743 4501 856 4550 sormam
882 4498 1110 4562 „llacchaoidoe“;
1134 4498 1221 4550 delevi
1243 4501 1302 4562 „a“‚
1321 4497 1459 4549 derivatur
1476 4494 1548 4548 enim

406 4585 457 4639 hoc
475 4601 571 4637 nomen
591 4587 626 4638 ab
645 4587 790 4639 adlectivo:
812 4585 937 4657 llas-palor.
957 4588 1062 4640 corticis
1081 4604 1156 4639 pavr.
1177 4585 1369 4656 apographum,
1388 4602 1406 4638 a
1423 4588 1474 4638 loa.
1494 4584 1548 4636 llo-

404 4674 561 4727 rsoniowshl
581 4678 734 4729 coniectum
753 4683 780 4729 et
799 4677 947 4728 liberaliter
965 4693 1120 4729 concessum
1139 4677 1167 4728 in
1184 4694 1261 4728 usam
1273 4692 1362 4728 meum
1374 4673 1484 4729 contuli.
1504 4671 1547 4725 lbi

404 4764 517 4816 carmini
536 4764 692 4817 inscribitur
712 4764 902 4830 „ltacheidee“‚
922 4783 1081 4833 carmenque
1094 4767 1164 4818 leleo
1177 4767 1304 4818 tribuitur
1313 4766 1435 4818 Andreae
1445 4762 1541 4817 Oricia.

401 4853 502 4905 Toxlus
511 4853 581 4906 meti.
593 4869 667 4906 narr.
680 4862 720 4907 eet
731 4856 880 4909 mundatior
890 4857 1049 4920 cornicensi,
1068 4857 1199 4923 quedem
1215 4863 1306 4908 umen
1321 4856 1404 4908 habet
1415 4856 1550 4924 germae·
