4109 5767
1051 286 1129 320 ΡΙῗΙΙ
1148 284 1245 319 Romi.

575 355 890 363 --.-.——-——-

1118 566 1179 633 1v.

1042 698 1075 749 in
1093 697 1233 764 quandam
1243 694 1261 746 ¹.

684 805 747 873 cai
770 804 914 872 Iudaeus
935 828 1030 891 avus,
1054 806 1181 870 scateam
1205 814 1296 892 pater
1319 812 1414 869 actus
1439 802 1488 867 in
1527 802 1683 887 aleam,

740 914 806 978 llic
827 924 953 1001 patrem
976 922 1142 997 mansues,
1164 910 1220 977 hic
1242 908 1321 975 mihi
1345 920 1537 975 monstret
1571 917 1726 977 avum!

685 1019 784 1103 Quin,
806 1020 870 1084 nisi
893 1020 1042 1105 desipiat
1066 1018 1130 1083 nisi
1153 1038 1234 1083 cura
1256 1016 1391 1081 recessit
1413 1014 1610 1101 honoris,

738 1124 804 1189 Hic
827 1136 955 1211 patrem
978 1123 1082 1209 sileat,
1104 1122 1183 1189 huic
1206 1122 1340 1188 sileatur
1363 1122 1476 1188 avus?

1125 1597 1176 1660 14.

858 1789 877 1827 “
901 1795 942 1855 Ιιι
965 1792 1175 1855 ambitiosos
1197 1792 1449 1870 superbosque.

1139 1967 1164 2033 I.

990 2098 1032 2149 Dc
1050 2107 1183 2161 corrupte
1202 2092 1306 2148 πιστοὶ

687 2206 864 2269 Auctorem
887 2204 915 2269 si
938 2204 1012 2292 quis
1036 2202 1114 2269 colit
1137 2202 1366 2291 omnipotentis
1389 2201 1525 2292 olympi,

743 2310 816 2375 Hoc
838 2309 932 2375 illum
955 2310 1043 2376 facto
1066 2309 1216 2377 Ohaistus
1241 2309 1333 2375 Iesus
1355 2318 1452 2373 amat.

687 2414 754 2494 Qui
777 2414 944 2482 christum
967 2416 1053 2500 colit,
1076 2428 1125 2481 est
1147 2415 1238 2481 Patri
1262 2415 1451 2479 caiissimus
1473 2436 1573 2491 unus,

741 2519 785 2585 Et
806 2520 843 2585 fit
865 2521 1001 2607 Spiritui
1025 2542 1123 2586 carus
1146 2530 1282 2609 uterquc
1305 2542 1408 2587 sacro.

629 2647 655 2691 a.
688 2627 761 2692 Hoc
783 2648 934 2714 proceres
956 2649 1035 2713 arga
1058 2626 1084 2691 ai
1109 2627 1182 2713 qais
1206 2626 1298 2693 facita
1322 2626 1420 2692 huius
1442 2626 1572 2690 amicus

742 2733 808 2813 Qui
830 2734 877 2819 fit,
899 2732 953 2798 hic
976 2733 1111 2798 alterius
1133 2733 1282 2820 protinus
1305 2733 1407 2798 hostis
1430 2732 1500 2797 erit

1037 2932 1069 2983 ln
1088 2928 1271 2985 Macrinam'.

1133 3041 1177 3107 ΙΙ.

690 3167 853 3233 Omnibus
875 3190 946 3233 esse
969 3179 1062 3233 tuum
1086 3167 1241 3253 studium,
1265 3168 1420 3254 Macrine,
1443 3165 1582 3254 placere,

745 3273 826 3359 Hoc,
848 3275 1004 3360 Macrine,
1027 3274 1108 3339 mihi
1132 3272 1242 3339 dicere
1265 3296 1361 3362 saepe
1383 3272 1476 3338 soles.

691 3379 811 3446 Omnia
834 3380 1000 3445 iacturum
1009 3384 1032 3465 ⁴,
1055 3381 1126 3446 sive
1149 3379 1212 3446 hoe
1235 3380 1305 3446 sive
1328 3378 1410 3444 illud
1433 3385 1566 3466 oportet,

745 3487 923 3551 Facturum
947 3485 994 3552 nil
1017 3510 1092 3573 non,
1116 3486 1268 3551 omnibus
1293 3496 1327 3552 ut
1350 3486 1490 3575 placeas.

630 3618 658 3659 a.
689 3592 832 3658 Efficere
854 3592 916 3659 hoc
939 3595 967 3657 si
990 3595 1051 3679 vis,
1074 3592 1136 3660 hoc
1160 3594 1187 3658 si
1211 3604 1384 3682 praestare,
1406 3592 1562 3675 Macrine,

743 3702 834 3779 Quos
857 3710 893 3762 tu
917 3721 1046 3786 cunque
1069 3722 1172 3766 novos
1196 3700 1264 3765 fors
1288 3699 1443 3765 meditere
1465 3697 1587 3781 modos,

687 3805 804 3871 Disce:
820 3844 863 3854 —
879 3805 991 3872 brevis
1014 3807 1098 3871 ratio
1121 3819 1178 3891 est,
1201 3816 1233 3872 te
1258 3828 1317 3895 per
1340 3804 1535 3895 compendia
1550 3804 1743 3891 ducam,-

742 3913 904 3979 Omnibus
929 3923 965 3978 ut
988 3912 1128 4002 placeas,
1151 3926 1186 3979 tu
1210 3915 1270 3980 tibi
1296 3913 1479 4003 displiceas.

692 4095 778 4147 ¹0⁸⁸.
800 4094 849 4149 191
875 4120 899 4140 ε
924 4112 995 4149 corn.
1016 4096 1077 4149 295.

693 4184 800 4237 'Cora
820 4185 863 4238 67.

693 4272 780 4326 ⁸0³⁸.
800 4274 853 4327 816
877 4298 901 4319 ε
925 4291 998 4328 corn.
1017 4275 1078 4329 368.

692 4363 703 4394 ⁴
723 4365 781 4416 scil.
802 4372 836 4416 te.
