4109 5767
1172 842 1326 880 mustio-

662 1032 794 1120 similos,
817 1034 879 1099 nisi
904 1032 989 1122 quod
1013 1033 1194 1100 ossolinous
1218 1046 1250 1099 et
1273 1036 1352 1100 satis
1375 1033 1492 1119 grandi
1518 1035 1623 1123 primu
1645 1046 1782 1101 extrema·

662 1164 726 1231 quo
750 1154 841 1231 punc
867 1153 900 1209 ct
922 1141 1118 1231 quibusdam
1150 1142 1267 1209 1111111111
1299 1142 1373 1209 libri
1406 1144 1606 1210 corruieouuis
1637 1142 1783 1232 particulis

662 1261 832 1318 truncatus
856 1264 921 1338 cst,
952 1251 985 1317 id
1017 1251 1103 1340 quod
1135 1273 1177 1318 ex
1208 1263 1381 1341 coruspectu
1414 1252 1539 1319 ordinis
1566 1252 1784 1343 Reycisnorum

662 1360 751 1427 infra
773 1362 928 1451 propositi
953 1374 1096 1452 apparet
1120 1361 1327 1429 Ossoliucum
1346 1361 1509 1451 quondum
1525 1363 1684 1450 integrum
1698 1361 1786 1427 fuisse

663 1470 789 1538 idoneis
814 1471 893 1537 locis
917 1473 1030 1539 excisa
1053 1470 1131 1537 folia
1155 1471 1339 1559 declarant,
1369 1470 1547 1562 pleniorem
1569 1482 1673 1538 temen
1695 1473 1787 1538 corni·

664 1580 754 1644 censi
777 1601 841 1644 non
866 1581 968 1645 suisse
992 1581 1024 1645 in
1049 1602 1120 1644 mea
1144 1580 1261 1667 potona
1284 1580 1325 1645 dc
1348 1580 1472 1669 Royzie
1494 1579 1713 1646 dissertatione
1739 1578 1789 1645 de-

663 1686 893 1750 monstrabam.
917 1686 1040 1751 Neuter
1063 1685 1147 1751 liber
1169 1685 1210 1749 ab
1235 1688 1304 1773 ipso
1328 1685 1452 1774 Royzie
1474 1708 1579 1774 neque
1594 1687 1726 1773 scriptus
1740 1708 1790 1751 ue-

661 1810 724 1875 que
748 1801 913 1856 correctus
936 1802 993 1877 est,
1016 1790 1051 1855 id
1074 1790 1161 1878 qued
1185 1793 1357 1879 praecipue
1380 1813 1422 1857 ex
1444 1792 1564 1857 vitiosa
1586 1790 1741 1856 interdum
1762 1802 1791 1855 ct

661 1904 772 1961 textus
795 1909 827 1962 et
851 1911 1110 1963 correcturarum
1134 1911 1165 1963 et
1188 1896 1357 1963 titulorum
1381 1898 1506 1965 ratione
1527 1896 1633 1964 elucet
1651 1897 1703 1982 (11,
1725 1898 1791 1982 237,

662 2000 740 2088 ΙιΧ,
764 2006 840 2091 239,
856 2004 986 2089 ΙΧΙΧ,
1013 2009 1085 2087 127),
1102 2006 1203 2089 ΧΙΙΙ,
1228 2007 1302 2092 206,
1318 2006 1374 2090 32,
1398 2007 1473 2090 298,
1490 2008 1522 2090 7,
1547 2006 1621 2092 316,
1641 2005 1703 2088 ΙΙΙ,
1725 2005 1792 2090 328,

663 2112 706 2193 2).
729 2110 842 2199 Neque
865 2111 1004 2177 alterum
1027 2135 1070 2178 ex
1092 2114 1203 2198 altero,
1227 2127 1315 2179 certe
1338 2115 1409 2179 siue
1432 2115 1518 2179 tertii
1541 2112 1710 2179 cuiusdam
1722 2111 1793 2177 libri

662 2216 795 2293 auxilio,
817 2220 1067 2305 transscriptum
1091 2242 1162 2285 esso
1186 2222 1265 2285 sutis
1288 2219 1410 2285 diserte
1436 2230 1567 2285 exstent
1588 2220 1723 2304 vestigia
1745 2217 1797 2301 (ΙΙ,

664 2322 738 2407 239,
763 2323 893 2407 LXIX3
918 2325 970 2408 30,
994 2326 1128 2411 XXIX,
1154 2328 1208 2407 10,
1232 2328 1307 2409 339,
1330 2325 1405 2392 adn.
1428 2327 1462 2408 2,
1486 2328 1560 2411 364,
1583 2324 1658 2389 adn.
1673 2326 1706 2407 3,
1728 2325 1798 2409 201,

662 2428 798 2514 1111112,
830 2432 1003 2515 477,11(111.
1028 2434 1060 2514 1,
1089 2436 1163 2519 244,
1186 2432 1261 2497 adu.
1286 2436 1319 2515 2,
1352 2432 1558 2518 78,11(111.3,
1590 2432 1797 2517 2711111117

664 2534 749 2622 aliu).
781 2540 826 2603 itu
852 2552 885 2604 ut
909 2540 978 2606 vcri
1003 2539 1204 2606 simillimum
1229 2543 1271 2607 sit
1296 2553 1467 2630 utrumque
1490 2540 1595 2608 eidem
1621 2540 1732 2625 codici,
1761 2533 1819 2604 ex*

665 2647 811 2713 confusis
835 2650 946 2739 copiis,
969 2674 989 2715 u
1013 2649 1136 2740 ltoyaio
1160 2652 1338 2738 improvisa
1353 2662 1455 2717 rsuortc
1482 2650 1727 2739 superveniente
1749 2648 1803 2713 dc-

662 2755 796 2841 rclictis,
820 2760 1006 2847 surruposito,
1029 2760 1187 2849 origiumu
1206 2760 1331 2827 «doluere.
1355 2760 1461 2846 Ignoti
1479 2759 1567 2825 illius
1583 2758 1805 2847 cosrrpositoris

661 2863 697 2927 id
721 2866 895 2931 corusilium
919 2868 1021 2933 suisse
1044 2868 1184 2953 videtur,
1208 2880 1244 2933 ut
1266 2892 1286 2935 a
1309 2868 1432 2960 Royzio
1455 2869 1543 2959 typis
1566 2890 1631 2933 non
1654 2867 1807 2954 evulgata

662 2993 760 3059 quesn
785 2975 956 3040 verissime
979 2975 1020 3039 ad
1046 2977 1147 3063 ipsius
1170 2978 1314 3042 auctoris
1338 2978 1494 3041 rationem
1519 2975 1655 3041 collecta
1680 2976 1809 3040 confor-

663 3090 815 3166 mataque
846 3104 930 3147 novo
961 3081 1074 3148 codice
1106 3084 1242 3170 posteris
1273 3082 1486 3170 relinqueret,
1516 3082 1601 3170 quod
1634 3081 1809 3146 consilium

662 3197 770 3251 tamum
795 3188 939 3275 obrutus,
963 3192 1086 3278 opium,
1111 3192 1181 3278 ipsa
1204 3188 1367 3277 indigesta
1389 3202 1423 3256 ct
1438 3213 1502 3255 non
1519 3192 1598 3255 erutis
1615 3198 1812 3278 praeparata

664 3293 962 3362 diversissimormn
995 3300 1176 3364 ourruinurn
1208 3298 1301 3386 mole,
1332 3322 1491 3387 nusquam
1525 3298 1674 3385 religiose
1706 3298 1813 3362 tenuit

661 3416 876 3495 accuratoque
899 3422 1075 3474 exsecutus
1098 3422 1155 3474 est.
1178 3408 1262 3474 Nam
1280 3431 1353 3473 curn
1371 3409 1511 3496 vestigia
1526 3409 1559 3473 in
1576 3408 1693 3497 ltoyuii
1711 3428 1815 3472 rnunu

661 3515 791 3602 seriptis
815 3514 929 3582 relicta
953 3540 1103 3605 premens
1119 3519 1153 3582 in
1171 3518 1262 3583 initio
1278 3520 1328 3583 sui
1345 3518 1468 3584 codicis
1484 3518 1665 3583 carminum
1683 3528 1816 3605 partem

660 3620 693 3684 in
719 3623 864 3689 Otiorum
889 3621 989 3689 libros
1014 3625 1162 3710 digerere
1186 3627 1343 3713 coepisset
1365 3626 1464 3710 (conf.
1487 3625 1574 3690 infra
1589 3623 1817 3711 Conspectum

660 3726 785 3793 ordinis
808 3743 841 3794 ct
865 3729 907 3814 ΙΙ,
932 3733 984 3815 63,
1008 3732 1082 3797 adu.
1106 3736 1140 3815 3,
1165 3736 1216 3818 71,
1239 3731 1314 3797 adn.
1341 3736 1371 3816 1,
1398 3734 1470 3817 176,
1494 3732 1567 3796 erin.
1586 3733 1626 3815 1),
1649 3729 1751 3796 libris
1769 3731 1817 3793 eis

660 3835 758 3898 otium
783 3834 891 3900 alienu
914 3836 1090 3903 admiscuit
1113 3838 1170 3922 (II,
1195 3840 1246 3925 66,
1278 3839 1352 3903 udn.
1379 3842 1394 3903 l
1428 3850 1460 3903 et
1490 3861 1581 3903 ureae
1612 3836 1654 3902 de
1687 3836 1817 3925 Royric

660 3938 797 4027 polonus
821 3940 981 4007 dissertat.
1006 3966 1058 4030 pg.
1085 3945 1147 4009 106
1172 3968 1217 4031 sq.
1241 3973 1284 4002 =
1311 3946 1373 4009 146
1397 3949 1464 4032 sq),
1495 3946 1626 4009 tertium
1651 3966 1738 4008 vero
1770 3944 1817 4005 in-

661 4055 791 4133 ceptum
817 4071 856 4113 ne
879 4049 1021 4115 obsolvit
1044 4051 1184 4137 quidem,
1208 4049 1365 4138 reliquum
1390 4053 1573 4117 carminum
1598 4060 1732 4136 partem
1752 4050 1817 4113 iuru

661 4153 732 4217 sinc
758 4153 822 4219 ullo
846 4168 1026 4243 temporum
1052 4179 1204 4223 rerumve
1224 4158 1338 4223 ordine
1354 4160 1388 4221 in
1405 4157 1517 4223 codice
1533 4181 1635 4243 usquc
1651 4156 1698 4221 ad
1718 4157 1817 4220 tinen

662 4282 852 4348 proponens.
876 4264 970 4345 Quod
996 4264 1021 4328 si
1047 4265 1093 4329 ita
1117 4265 1218 4331 fuisse
1241 4268 1449 4351 concesseris,
1474 4264 1570 4331 facile
1589 4266 1692 4329 etiem
1711 4263 1817 4350 expli·

662 4369 762 4455 cuiuis,
786 4392 846 4436 cur
868 4371 1064 4459 quibusdam
1089 4372 1169 4439 locis
1192 4374 1337 4439 eiusdem
1362 4375 1544 4461 argumenti
1565 4373 1722 4438 carmina
1742 4394 1813 4437 con

662 4479 837 4566 socientur,
868 4504 973 4568 neque
1004 4495 1113 4547 tanuen
1144 4481 1631 4568 01111111(Ι,275-279111111),
1665 4480 1726 4547 vel
1765 4504 1816 4546 eu

661 4586 775 4653 eadem
799 4591 945 4655 ‹ssurminu
970 4592 1071 4657 variis
1095 4591 1218 4658 codicis
1242 4592 1322 4657 lorsis
1346 4603 1534 4681 repetuntur
1553 4591 1610 4678 (ΙΙ,
1634 4592 1719 4675 320,
1748 4588 1817 4654 adu

664 4700 695 4779 1,
713 4696 877 4763 22011111.
900 4704 928 4781 1,
944 4699 1031 4785 ulia).
1055 4700 1180 4767 'Pituios
1201 4701 1404 4789 singulorum
1421 4703 1603 4767 earsuimrm
1620 4701 1699 4765 siue
1719 4700 1812 4764 dubi

662 4804 828 4894 eRoyaio
852 4808 921 4894 ipso
945 4811 1182 4899 superscriptos
1213 4812 1245 4875 in
1277 4812 1347 4876 cius
1379 4812 1481 4899 copiis
1505 4812 1555 4875 vir·
1582 4809 1637 4875 illc
1664 4810 1752 4897 pius
1781 4810 1816 4871 iu

662 4914 760 4992 venit,
783 4914 920 4979 omissos
944 4928 1051 4981 tamen
1076 4917 1248 4983 nonnullos
1272 4918 1324 4983 vel
1348 4941 1413 4982 non
1437 4920 1515 4983 satis
1539 4917 1646 4983 claros
1665 4917 1816 5004 explica
