4109 5767
1134 772 1290 808 Plffl'ss'io.

659 844 669 851 .
686 843 741 851 ..-.
761 840 924 851 ...ι-ιιι-..-
937 840 1003 847 --,,.
1017 842 1019 847 .
1033 841 1048 847 -
1060 840 1124 847 ..-.,

634 966 743 1057 pridie
772 963 839 1031 kal.
869 964 1017 1032 octobres
1047 986 1150 1030 novos
1181 963 1306 1052 legatos
1340 964 1382 1030 ad
1419 967 1659 1035 constitutionis
1693 969 1777 1034 illius

637 1073 840 1163 praescripta
862 1070 1071 1161 exsequenda
1095 1072 1178 1138 mitti
1208 1071 1340 1161 placuit.
1378 1072 1610 1143 Interfueritne
1639 1076 1779 1167 Royuiue

632 1182 733 1249 etism
765 1180 843 1248 huic
874 1178 1028 1270 legationi
1059 1203 1171 1269 necne,
1202 1182 1368 1249 aifirrnarc
1398 1206 1463 1249 non
1487 1185 1609 1273 ausim,
1640 1197 1777 1253 attamen

637 1316 743 1381 neque
773 1291 991 1360 Oarncovium
1023 1293 1215 1381 participem
1246 1293 1316 1359 eius
1348 1292 1466 1381 fuisse,
1496 1317 1600 1383 aequm
1628 1306 1779 1363 eventum

638 1402 725 1470 votis
747 1402 794 1469 rei
820 1400 970 1492 publicae
993 1401 1201 1490 respondisse
1223 1413 1424 1491 compertum
1444 1412 1502 1469 cst.
1525 1402 1673 1471 (ictorum
1692 1405 1778 1471 brevi

634 1522 718 1599 post,
740 1520 880 1576 exeunte
901 1510 967 1575 iam
991 1531 1019 1575 a
1045 1512 1132 1577 1570
1154 1508 1322 1595 Olofeldio,
1346 1510 1496 1596 Ferbero,
1520 1512 1629 1576 Proito
1652 1510 1778 1577 Giesio-

632 1621 710 1704 qne,
726 1615 822 1703 culpa
839 1615 1023 1681 condonata
1038 1638 1057 1681 a
1073 1638 1159 1702 rege,
1182 1638 1356 1681 concessus
1372 1628 1422 1681 est
1436 1616 1561 1681 reditus
1584 1619 1617 1682 in
1634 1620 1780 1705 patriam,

627 1742 733 1808 quem
757 1720 902 1811 Royaius
926 1719 1086 1805 singulari
1111 1720 1331 1807 amplioreque
1354 1722 1500 1785 carmine
1523 1722 1684 1807 insignem
1708 1723 1780 1786 red-

635 1825 720 1893 didit
743 1827 782 1912 (1,
804 1827 871 1892 304
894 1830 983 1914 sqq.).
1022 1826 1061 1891 In
1093 1850 1157 1915 quo
1189 1827 1294 1914 ipsam
1324 1825 1569 1893 Godanensium
1594 1828 1708 1894 urbem
1738 1830 1779 1894 ad

635 1933 809 1999 redeuntes
832 1932 962 1999 exsules
986 1932 1028 1999 de
1051 1934 1139 2021 regis
1162 1932 1347 2019 clementia,
1379 1933 1421 1999 de
1443 1934 1586 2021 ipsorum
1615 1936 1649 1999 in
1673 1958 1780 2022 regem

637 2039 788 2129 perfidia,
819 2040 861 2107 de
891 2040 1022 2107 civibus
1053 2064 1074 2106 a
1103 2062 1179 2127 rege
1213 2041 1392 2129 potentium
1426 2041 1601 2131 tyrannide
1635 2040 1780 2109 liberatis

637 2170 738 2235 eoque
761 2146 871 2235 laetis,
895 2148 935 2213 de
958 2148 1057 2216 Ourci
1081 2147 1253 2214 cuiusdam
1277 2147 1480 2235 impudentia
1503 2161 1601 2237 atque
1624 2149 1781 2236 fatuitate,

636 2254 741 2320 verbe
763 2256 937 2321 facientem
961 2255 1065 2341 fingit.
1103 2255 1185 2319 Erat
1214 2265 1324 2321 autem
1351 2254 1511 2321 Achatius
1534 2230 1660 2323 Ouireus
1691 2257 1782 2323 urbis

635 2362 850 2446 secretarius,
880 2362 935 2448 qui
966 2360 1083 2452 Royzii
1115 2362 1315 2427 carminibus
1345 2360 1387 2426 de
1418 2360 1663 2429 Gedaueusium
1693 2376 1781 2428 motu

637 2468 769 2557 seriptis
781 2468 943 2535 maledico
953 2467 1064 2535 libello
1072 2468 1292 2556 responderat,
1303 2490 1406 2557 caque
1418 2470 1488 2557 ipsa
1501 2492 1553 2535 res
1565 2469 1657 2536 illam
1666 2470 1781 2562 Royuii

635 2577 1038 2667 exsecrationumplenum
1049 2578 1461 2668 Prosopopocarnl)untisci
1471 2580 1634 2647 (ascivisse
1643 2578 1780 2647 ridetur.

744 2687 988 2754 (ieduncnsiurn
1024 2688 1122 2754 rebus
1161 2687 1201 2754 ad
1238 2688 1369 2755 ultimos
1404 2688 1473 2754 fere
1506 2690 1593 2755 vitno
1628 2691 1783 2755 terminos

635 2808 815 2884 occupatus
845 2796 989 2888 Rcyzius
1021 2796 1120 2863 elaris
1151 2796 1218 2862 illis
1249 2797 1398 2883 comitiis,
1430 2798 1464 2861 in
1495 2798 1614 2885 quibus
1642 2822 1670 2864 a.
1696 2800 1782 2865 locu

635 2904 770 2970 Lublini
794 2917 927 2970 auctore
949 2927 1028 2992 rege
1050 2904 1202 2971 diversae
1224 2906 1318 2993 regni
1342 2903 1494 2970 Poloniae
1517 2916 1638 2993 partes,
1669 2907 1785 2993 impri-

638 3010 763 3098 misque
785 3011 847 3099 ipsi
871 3010 984 3077 Poloni
1009 3025 1106 3100 atque
1129 3013 1261 3078 Lituani
1292 3012 1415 3078 idoneis
1447 3010 1554 3099 legum
1582 3012 1784 3078 condicioni-

637 3116 698 3182 bus
721 3120 844 3184 sanctis
868 3122 901 3184 in
926 3142 1025 3185 unum
1043 3122 1089 3185 rei
1106 3118 1257 3207 publicae
1273 3142 1391 3207 corpus
1407 3118 1606 3204 coaluerunt,
1629 3122 1783 3186 continuo

636 3224 751 3290 adesso
775 3248 839 3291 non
863 3228 980 3313 potuit,
1011 3226 1222 3292 nibilominus
1246 3238 1353 3292 tamen
1379 3228 1607 3315 transigendae
1635 3230 1681 3293 rei
1713 3252 1785 3293 nru-

636 3332 776 3417 gnificae
800 3334 980 3398 acerrimus
1005 3334 1122 3418 fautor,
1145 3336 1230 3398 inter
1253 3332 1372 3398 dubias
1394 3334 1583 3420 paciscendi
1606 3336 1698 3400 vices
1714 3335 1785 3398 sin-

633 3433 712 3522 gula
735 3438 819 3523 aptis
844 3439 1046 3503 carminibus
1069 3438 1294 3504 comitabatur.
1318 3438 1432 3525 Itaque
1455 3450 1487 3503 et
1510 3451 1661 3504 nunnus
1686 3440 1782 3504 Litu-

626 3562 714 3606 anos
737 3540 894 3629 hortatur,
918 3556 954 3608 ut
977 3544 1133 3609 tutandae
1156 3545 1197 3610 ab
1220 3543 1368 3610 hostibus
1385 3544 1503 3611 Vilnae
1526 3546 1633 3631 gratia
1652 3547 1686 3609 in
1704 3568 1784 3611 con-

631 3646 781 3715 diciones
805 3650 985 3715 concedant
1009 3651 1065 3735 (11,
1089 3653 1164 3737 274,
1187 3652 1252 3736 42),
1274 3662 1307 3716 ct
1327 3653 1587 3718 coniunctionem
1607 3675 1671 3718 non
1688 3676 1785 3741 posse

634 3776 706 3821 esse
729 3756 858 3822 firmam
881 3768 978 3845 atque
998 3756 1145 3844 solidam,
1168 3759 1231 3823 nisi
1253 3759 1416 3846 aequitate
1431 3760 1565 3847 parique
1580 3761 1784 3847 coniungen-

636 3861 752 3927 dorum
777 3864 848 3929 iure
872 3866 1003 3952 nitatur,
1034 3865 1187 3932 admonet
1209 3866 1266 3952 (ΙΙ,
1290 3869 1364 3948 2Ή),
1395 3866 1445 3933 IV
1467 3877 1500 3932 et
1522 3867 1576 3953 V),
1606 3879 1638 3933 et
1661 3867 1786 3933 iureiu-

637 3970 739 4036 rando
777 3971 917 4062 denique
956 3988 1103 4039 sanctum
1144 3976 1293 4040 unionem
1333 3973 1474 4064 appellat
1514 3976 1785 4062 pretiosissimum

638 4080 798 4167 unionem,
829 4082 892 4147 Dei
916 4084 1067 4171 regisque
1091 4106 1245 4169 magnum
1269 4106 1358 4171 opus,
1389 4083 1474 4170 quod
1500 4083 1652 4150 Poioniae
1676 4084 1786 4149 hostes

636 4198 724 4253 metu
757 4188 932 4277 perculerit
963 4190 1026 4276 (ΙΙ,
1051 4192 1249 4276 atu-277).
1288 4193 1371 4258 (ium
1402 4192 1520 4258 deinde
1551 4193 1671 4259 certior
1698 4210 1787 4258 esset

635 4294 742 4360 factus
766 4296 923 4362 Ioannem
946 4297 1236 4384 Chodkievicium,
1259 4299 1456 4385 Sumogitiac
1480 4302 1702 4387 capitaneum,
1727 4301 1786 4386 qni

630 4412 709 4490 ¹poert
733 4418 868 4468 mortem
893 4404 1039 4471 Rudiviii
1062 4406 1158 4493 Nigri
1183 4429 1248 4471 una
1271 4429 1346 4472 curn
1370 4406 1523 4473 Rudivilo
1546 4407 1633 4473 Rnl'o
1653 4430 1711 4495 pro
1732 4431 1785 4471 se·

635 4522 749 4597 parato
771 4510 943 4577 Lituaniae
966 4514 1125 4599 regimine
1149 4515 1308 4579 acerrime
1324 4515 1496 4601 nitebatur,
1520 4538 1665 4580 maerore
1681 4516 1788 4579 tristi-

636 4618 745 4704 tiaque
768 4618 953 4684 confectum
977 4622 1093 4706 iacere,
1129 4621 1213 4709 qnod
1246 4646 1318 4686 euru
1343 4624 1511 4687 etiamtum
1537 4636 1682 4710 patratae
1706 4645 1788 4687 eon-

637 4726 811 4790 iunctiunis
830 4728 1014 4815 paeniteret,
1032 4730 1137 4795 tribus
1154 4730 1355 4795 carminibus
1371 4753 1445 4795 cunr
1462 4728 1579 4795 leniter
1591 4729 1788 4816 castigando

633 4831 747 4898 «locuit
772 4832 803 4897 id
828 4856 899 4901 csse
924 4836 1057 4921 ibctnrn,
1080 4837 1165 4923 quod
1192 4836 1281 4902 Deus
1304 4850 1400 4925 atque
1425 4861 1482 4903 rex
1500 4837 1688 4923 veluissent,
1711 4840 1788 4925 qni-
