4109 5767
837 780 875 816 ιιι
893 778 1008 830 omno·
1025 776 1146 830 rorosoe

967 1239 1021 1305 25.

783 1430 1206 1504 Kosrrov101.

527 1617 559 1686 Ο
584 1617 708 1692 utinam
729 1613 848 1696 multos
870 1613 964 1693 vivut
985 1611 1185 1682 Kosmorius
1208 1631 1320 1696 unnos,

583 1723 763 1794 Dissimilis
784 1723 906 1817 pravis,
927 1720 1165 1811 persimilisque
1188 1715 1291 1805 bonis,

528 1831 610 1898 Vori
633 1853 760 1920 semper
781 1851 905 1916 omens,
927 1827 1057 1916 pictatis
1080 1823 1187 1907 cultor
1208 1823 1327 1909 avitae,

584 1937 631 2002 Ut
652 1936 757 2025 possis
779 1957 857 2014 rere
879 1935 990 2030 dicere
1012 1931 1205 2012 Macerioni
1264 1995 1266 2000 ,

965 2387 1018 2454 26.

618 2585 672 2652 Ad
694 2585 939 2666 MABTINUM
960 2584 1367 2671 KRczortovrcIUut

968 2764 1020 2830 N

529 2898 650 2962 Nostro
671 2905 744 2962 tuos
766 2893 1019 2982 thalamos,'hoc
1042 2906 1073 2963 te
1095 2907 1256 2984 poscente,
1279 2896 1404 2986 iugales

584 3004 628 3069 m
649 3025 799 3093 proceres
822 3003 942 3069 cecinit
964 3004 1054 3069 iusso
1076 3002 1193 3068 Thalia
1215 3014 1297 3090 tuos,

531 3111 637 3176 Loutu
658 3108 777 3198 quibus
798 3109 933 3197 praebes
956 3109 1061 3198 plenis
1085 3111 1239 3176 convivio
1261 3111 1391 3196 mensis,

585 3216 645 3281 Est
667 3214 809 3281 deductu
831 3215 963 3280 domum
986 3237 1062 3284 cum
1085 3239 1171 3284 novo
1193 3226 1295 3306 nuptu
1317 3227 1417 3283 tuom.

466 3345 496 3387 s.
527 3323 646 3387 Dictus
669 3344 771 3409 equus
794 3321 901 3388 fuerat
922 3323 1024 3388 nostri
1049 3323 1119 3390 fore
1142 3333 1232 3390 certe
1254 3322 1375 3390 loboris

582 3427 718 3512 Merces,
742 3427 798 3492 sed
821 3427 931 3499 nullus
954 3437 1003 3494 ost
1026 3427 1106 3494 mihi
1129 3429 1221 3499 visus
1242 3451 1354 3517 equus.

528 3531 624 3597 Ultro
645 3532 841 3618 promissum
865 3554 924 3598 cur
946 3555 1011 3598 non
1035 3555 1162 3621 quoque
1184 3534 1325 3599 mittitur
1347 3532 1442 3618 ultro,

582 3637 629 3702 m
651 3637 880 3722 memnone,
903 3638 954 3702 s«
977 3619 1132 3705 nihil'est
1154 3639 1259 3706 visre

529 3743 603 3828 Sed,
625 3754 712 3832 puto,
735 3742 790 3811 vel
813 3743 950 3810 stabulis
972 3744 1058 3833 fugit
1080 3745 1134 3812 vel
1157 3744 1252 3810 tardo
1273 3743 1419 3833 podagro

450 3873 495 3915 ro.
578 3848 752 3937 Languida
773 3849 924 3938 promissi
949 3871 1046 3917 crure
1068 3851 1184 3938 ligavit
1206 3851 1290 3939 equi.

529 4043 536 4075 ¹
557 4043 634 4095 Corn.
653 4040 708 4096 848
730 4065 755 4088 ι
778 4059 830 4095 ose.
849 4043 911 4109 275,
930 4043 977 4096 ubi
996 4043 1091 4096 titulus
1109 4045 1282 4096 desideretur.
1308 4043 1497 4095 videturesse
1519 4040 1566 4093 iile

419 4129 601 4195 Kosmoweki,
628 4131 705 4182 tortis
722 4131 827 4184 sulione
845 4133 948 4200 regius,
972 4147 1052 4200 quem
1069 4133 1098 4183 iu
1117 4131 1186 4185 ludis
1204 4131 1373 4199 equestribus
1390 4145 1415 4182 ι
1435 4127 1514 4194 1558,
1533 4129 1562 4180 in

421 4219 522 4287 nuptiis
541 4219 704 4288 Sigismundi
722 4220 837 4288 Augusti
855 4228 883 4273 et
901 4221 1065 4274 (lotharium
1084 4220 1235 4286 celebretis,
1254 4218 1395 4273 victoriam
1419 4217 1567 4272 secundem

421 4316 573 4378 reportasse
590 4310 675 4362 trudit
692 4309 821 4363 deicki
839 4311 944 4379 (Dsieje
962 4330 986 4363 ιι
1005 4312 1131 4380 Korouie,
1150 4311 1240 4372 Senok
1260 4308 1339 4376 1855,
1356 4326 1400 4378 pg.
1419 4307 1456 4364 45
1467 4310 1526 4378 erp).

529 4397 540 4429 ²
557 4401 590 4452 In
608 4416 680 4452 corn.
702 4401 940 4466 „maonovrume
959 4401 1034 4455 Idem
1052 4401 1125 4454 inire
1142 4401 1338 4470 appellaturis
1353 4401 1565 4454 ossol.Kreeno·

418 4490 516 4555 vicine,
540 4490 570 4542 in
589 4506 661 4543 corn.
681 4493 862 4545 Krcseuorius
881 4491 973 4545 eddito
991 4493 1162 4560 prssnomine
1180 4490 1300 4544 Mertiui.
1326 4489 1477 4554 &cundum
1501 4488 1565 4542 Nie-

418 4579 507 4633 sieeki
525 4581 569 4646 (V,
586 4577 651 4650 411)
670 4581 758 4648 potius
776 4583 966 4637 Krcsouorrics
984 4598 1119 4648 ermomm
1138 4581 1251 4653 810ng
1272 4581 1347 4635 Cous.
1368 4597 1393 4633 r.
1412 4579 1437 4635 8.

530 4668 637 4723 'Corn
656 4670 710 4735 302
733 4693 758 4715 a
781 4688 833 4724 oet.
852 4672 905 4725 202
924 4689 963 4739 sq.

529 4757 672 4811 ‘comiez
694 4759 782 4822 „sed“.

525 4845 538 4876 ⁸
556 4849 627 4900 Voce
638 4848 729 4916 „viur‘
741 4849 830 4917 tergit
842 4850 873 4910 ‚R
884 4848 992 4913 ultimus
1000 4849 1068 4912 duee
1078 4847 1197 4916 ryilsbu
1210 4845 1327 4900 vocetiri
1342 4844 1564 4916 „Krcsonoviei⁸.
