4109 5767
1093 641 1140 692 lx.

656 750 754 815 Anna
775 770 894 835 persus
916 745 1067 831 fecunda,
1090 746 1151 811 tori
1175 768 1217 812 ne
1239 744 1383 811 muueris
1405 742 1486 811 hors

708 853 787 921 Ullu
809 855 852 919 sit
873 853 1038 939 immunis,
1060 852 1132 918 vult
1154 850 1311 939 periendo
1333 850 1425 916 mori.

1103 1064 1127 1115 X

655 1172 749 1253 Quae
772 1194 866 1259 reges
889 1168 965 1237 olim
990 1168 1133 1237 secunda
1156 1176 1203 1235 tot
1225 1166 1329 1235 edidit
1350 1166 1457 1254 Anna,
1539 1208 1557 1215 „

706 1278 757 1347 Ne
780 1279 815 1346 iu
838 1288 941 1345 morte
964 1300 1108 1365 escures,
1131 1286 1164 1345 et
1186 1274 1352 1344 moriendo
1374 1275 1468 1367 parit.

1092 1492 1139 1543 xl.

653 1598 744 1663 Dum
765 1597 860 1683 parit,
883 1596 1022 1684 egregiis
1045 1617 1129 1683 queo
1151 1605 1254 1661 terras
1276 1593 1408 1681 regibus
1430 1592 1552 1683 implet,

705 1701 834 1789 Regina
856 1701 890 1766 in
913 1700 1030 1767 mediis
1053 1699 1187 1765 nixibus
1210 1699 1309 1765 Anus
1329 1699 1423 1786 perit
1457 1705 1461 1715 '

629 1806 730 1873 ·Uuu
751 1814 829 1893 quot
851 1826 871 1869 ο
892 1804 1001 1871 iustus
1024 1805 1083 1870 toti
1107 1803 1170 1871 sert
1192 1802 1322 1869 litteral
1345 1802 1488 1869 mundo?

705 1912 837 1977 Dumna
859 1919 937 1998 quot
959 1919 991 1977 ut
1013 1898 1188 1978 luurimus?
1210 1910 1301 1977 Dum
1324 1908 1410 1999 purit
1432 1908 1539 1997 Annu,
1561 1908 1654 2001 perit

1086 2122 1147 2173 xn.

653 2224 807 2291 Nascitur
830 2226 865 2291 in
887 2235 982 2314 partu
1005 2226 1120 2313 regina
1143 2234 1240 2314 utque
1262 2221 1383 2291 oceidit
1406 2246 1480 2309 uno,

707 2332 890 2398 Iunxerunt
912 2332 1006 2399 uunis
1030 2331 1145 2398 invida
1168 2331 1237 2398 iste
1259 2353 1385 2418 rogum.

652 2440 822 2529 Coguntur
843 2439 957 2508 luuttrri
981 2438 1077 2529 umuli,
1101 2449 1134 2509 et
1156 2437 1253 2507 simui
1277 2438 1461 2531 iruportunu

703 2551 778 2617 Non
801 2552 979 2641 exspectati
1004 2552 1121 2619 iuuere
1143 2551 1221 2619 flers
1242 2549 1330 2618 muli.

590 2682 617 2726 s.
648 2659 781 2728 Gaudia
803 2682 878 2727 cum
901 2659 1001 2747 luctu,
1024 2682 1100 2727 uum
1124 2659 1214 2748 pullo
1237 2682 1382 2751 purpura
1404 2660 1517 2727 iuncte
1540 2668 1601 2726 est:

702 2767 908 2834 Laetundum
930 2777 963 2835 et
984 2767 1129 2834 flendum
1151 2768 1313 2835 est-sio
1336 2766 1410 2833 tulit
1432 2766 1563 2833 hors-
1576 2765 1684 2833 simul.

1075 2978 1147 3029 xm.

649 3078 763 3144 Altera
786 3090 978 3146 cunctorum
1000 3081 1131 3165 victrix,
1155 3082 1245 3146 victu
1268 3080 1371 3147 alters
1393 3080 1485 3167 nulli,

700 3184 789 3249 Mors
812 3195 908 3272 atque
931 3186 1031 3251 Anna
1052 3207 1170 3273 graves
1193 3207 1385 3251 conseruere
1408 3208 1533 3251 munus.

581 3350 584 3355 .
648 3289 795 3356 Abstulit
816 3289 898 3358 lutee
921 3313 1030 3377 uuum,
1053 3302 1103 3359 ter
1124 3292 1242 3379 quinas
1265 3292 1322 3358 illa
1344 3292 1475 3379 reliquit
1554 3350 1557 3357 .

701 3396 790 3462 Nixu
814 3397 949 3463 unimus
972 3398 1088 3464 Utrius
1111 3397 1216 3486 gloria
1238 3399 1352 3463 mertis
1374 3398 1456 3464 erit?

1074 3626 1143 3677 xlv,

647 3726 788 3794 Difficili
810 3729 930 3795 sessum
953 3752 995 3797 ex
1017 3740 1112 3819 partu
1136 3753 1222 3798 mors
1245 3732 1348 3799 tristis
1371 3732 1487 3799 sdorte
1508 3740 1558 3798 sst
1598 3776 1601 3783 -

701 3834 840 3905 Annum.
866 3836 983 3925 „Nune
1005 3840 1136 3905 Annum
1159 3838 1292 3906 vincere
1314 3838 1473 3928 tempus“,
1496 3839 1550 3924 uit,

650 3943 778 4030 „Quum
801 3966 865 4010 nou
888 3943 1049 4033 integrum
1072 3947 1171 4035 potui,
1194 3955 1252 4013 uut
1274 3969 1431 4035 supsrurs
1454 3944 1626 4015 vulsutern.

649 4041 654 4049 ’
700 4050 774 4116 Nou
797 4051 896 4119 fuerit
919 4052 1019 4120 fotum
1042 4054 1175 4122 vincere
1198 4054 1368 4141 diffieile“;
1462 4069 1465 4077 ’

539 4258 746 4270 ——----...

653 4390 660 4419 ¹
681 4393 738 4444 scii.
758 4393 857 4459 littere,
875 4410 930 4460 qus
946 4394 1072 4446 differunt
1091 4410 1170 4447 voees
1191 4394 1294 4460 „periv‘
1316 4400 1343 4446 st
1363 4396 1473 4461 μὴν.
