4109 5767
1494 245 1570 281 An
1604 246 1906 283 ‘omnnem
1942 247 2070 282 nn.
2109 246 2392 290 nonunqu-
2426 245 2700 284 cunuue.
3092 229 3237 295 299·

1171 441 1377 509 Lecto
1397 444 1439 529 ¹,
1483 439 1541 507 si
1588 440 1779 507 modo
1824 439 2062 530 legeris
2107 439 2420 528 libellum,

1013 570 1037 614 ι
1055 572 1108 616 s.
1169 548 1319 637 Iuli,
1359 546 1556 636 hunc,
1602 548 1847 616 arbiter
1890 559 2045 635 est0‚
2095 547 2209 615 sed
2256 547 2599 637 benignus.

2056 742 2146 808 H.

1172 864 1509 932 Felsineas
1554 874 1772 932 mcum
1814 888 1982 953 quse
2026 888 2173 932 sum
2219 865 2481 932 molitus
2525 865 2613 931 ad
2636 873 2843 931 ‘arces
2865 870 2907 952 ⁸,

1281 969 1481 1039 Omni
1524 971 1842 1038 iustitiam
1887 993 2039 1038 cum
2087 968 2448 1038 coleremus
2495 993 2632 1059 ope,

1066 1084 1084 1115 ’-
1178 1078 1363 1145 Haeo
1406 1078 1636 1145 eadem
1680 1077 1914 1165 vigiles
1957 1077 2261 1144 horrente
2306 1077 2428 1144 sub
2477 1100 2603 1145 axe
2649 1078 2874 1163 secuti,

1285 1185 1434 1252 Hoc
1477 1208 1640 1273 opus
1685 1184 1795 1252 hic
1838 1196 2065 1251 nostro
2109 1184 2413 1252 cudimus
2458 1184 2740 1271 ingenio.

1059 1315 1113 1359 s.
1173 1293 1358 1359 Haec
1402 1302 1623 1359 nostra
1668 1292 1991 1360 fabricata
2035 1314 2235 1358 manu
2281 1300 2700 1358 monumenta
2743 1292 2866 1358 sub
2913 1312 3106 1357 auras

1280 1399 1584 1466 Misimus
1629 1401 1827 1487 inque
1868 1398 2206 1466 hominum
2251 1399 2562 1465 iussimus
2606 1398 2704 1465 ire
2749 1421 3000 1464 manus.

1177 1506 1364 1586 Quae
1407 1504 1530 1570 tibi
1574 1524 1813 1570 munus
1857 1514 2032 1588 eunt,
2093 1506 2150 1569 si
2193 1526 2325 1570 non
2370 1526 2499 1591 quo
2525 1503 2783 1590 dignus
2836 1526 2925 1587 es,
2985 1512 3053 1568 at
3096 1524 3254 1589 quo,

1284 1608 1357 1678 Si
1402 1631 1617 1697 coner,
1649 1632 1925 1697 possum
1971 1607 2065 1674 nil
2113 1608 2272 1675 dare
2315 1608 2528 1675 maius
2570 1630 2710 1693 ego.

1175 1717 1276 1784 Tu
1321 1739 1497 1804 vero,
1539 1715 1598 1784 si
1646 1715 1785 1783 sola
1826 1714 2009 1804 legas
2054 1724 2120 1783 te
2165 1715 2385 1804 digna,
2430 1716 2726 1783 futurum
2769 1722 2885 1802 est,

1019 1848 1040 1891 ι
1059 1849 1112 1891 ο.
1274 1823 1533 1893 Scribat
1579 1846 1732 1892 cum
1778 1846 1967 1891 nemo
2010 1822 2187 1910 talia,
2231 1822 2416 1891 nulla
2458 1821 2658 1912 legas.

1178 2143 1373 2227 Quod
1420 2166 1629 2232 nuper
1674 2166 1960 2230 carmen,
2004 2143 2157 2230 Iuli,
2202 2144 2322 2209 tibi
2368 2142 2684 2230 misimus,
2728 2141 2894 2210 illud

1285 2251 1614 2321 Scriberet
1659 2251 1743 2317 ad
1790 2274 2016 2319 carum
2063 2250 2316 2318 Thesea
2360 2250 2716 2334 Pirithous3

1178 2358 1284 2427 Ad
1305 2421 1308 2424 .
1328 2358 1629 2450 Pyladen
1674 2357 1838 2425 illud
1885 2358 2099 2425 dulcis
2146 2359 2515 2447 scripsisset
2556 2357 2840 2444 Orestes,

1284 2467 1432 2532 Non
1478 2466 1591 2533 illo
1635 2466 1837 2533 Nisus
1883 2465 2167 2533 laederet
2209 2464 2603 2556 Euryalum3

1059 2594 1113 2641 s.
1171 2572 1505 2641 Pollucem
1552 2572 1783 2641 Castor
1826 2596 1956 2639 non
2003 2573 2378 2639 offendisset
2423 2574 2727 2659 amicum,

1282 2680 1431 2760 Quo
1476 2680 1711 2765 minus,
1757 2689 1829 2745 ut
1875 2679 2107 2764 fuerat,
2152 2688 2419 2745 mutuus
2464 2689 2634 2745 esset
2679 2700 2878 2744 amor.

1176 2786 1277 2852 Tu
1323 2795 1542 2852 tamen
1587 2786 1793 2851 iratus
1839 2784 2006 2851 lecto
2052 2786 2171 2850 vix
2216 2785 2508 2851 carmine
2550 2784 2760 2872 primo
2805 2806 2897 2870 cs,

1281 2890 1418 2957 Ceu
1465 2890 1633 2956 foret
1677 2889 1897 2955 hostili
1944 2890 2170 2957 charta
2214 2899 2437 2956 notata
2482 2912 2698 2954 manu.

1173 2996 1319 3061 Non
1366 2995 1544 3062 istud
1590 2995 1831 3084 placidi
1878 2995 2124 3083 ingenii
2171 3018 2553 3084 morumque
2597 3004 2874 3081 tuorum,

1014 3128 1109 3172 ιο.
1272 3104 1420 3171 Non
1465 3102 1729 3172 mitisve
1772 3104 1867 3170 tui
1915 3104 2198 3193 pectoris
2246 3103 2421 3170 istud
2467 3113 2624 3170 erat.

1170 3213 1319 3280 Non
1365 3221 1447 3301 te,
1493 3235 1618 3280 non
1669 3235 1972 3281 numeros
2016 3222 2272 3280 nostros
2318 3222 2433 3281 aut
2478 3214 2770 3280 carmina
2815 3211 3038 3303 culp03

1275 3321 1674 3391 Excandens
1718 3322 1936 3389 animo
1981 3345 2112 3390 non
2161 3323 2342 3391 venit
2386 3322 2542 3391 indo
2586 3323 2787 3391 furor.

1167 3428 1379 3518 Culpa
1423 3431 1653 3519 magis,
1699 3430 1849 3517 Iuli,
1894 3440 1995 3498 est
2037 3431 2227 3499 tectis
2273 3431 2569 3499 habitare
2614 3433 2735 3499 sub
2783 3433 2946 3520 istis,

1272 3537 1507 3604 Frater
1551 3536 1669 3604 ubi
1714 3536 1937 3605 fratris
1982 3535 2079 3602 nil
2123 3537 2253 3603 nisi
2297 3560 2534 3605 nomen
2580 3537 2776 3605 habet
2796 3543 2837 3605 ⁸.

1173 3759 1189 3792 ¹
1229 3759 1468 3828 Uterque
1504 3775 1602 3811 ms.
1646 3758 1919 3824 „exhiben
1974 3759 2226 3824 „lecton-¹⁸,
2277 3759 2370 3812 sed
2422 3760 2478 3813 in
2514 3760 2778 3813 ossolineo
2812 3778 2845 3812 ο·
2879 3768 3084 3829 postea,
3130 3761 3245 3814 for-

952 3853 1098 3901 tasse
1134 3848 1246 3900 elie
1280 3864 1462 3914 menn,
1500 3848 1825 3917 adscriptum
1866 3856 1964 3903 eet.
2004 3850 2171 3903 Lecto
2206 3849 2322 3902 scil.
2361 3849 2514 3902 libro.

1169 3934 1191 3966 ²
1227 3939 1466 4005 Uterque
1503 3954 1600 3990 ms.
1638 3938 1857 3992 exhibet
1896 3941 2126 4005 „en-test,
2163 3939 2258 3991 sed
2294 3939 2450 3993 falso.
2487 3939 2768 3992 Felsineae
2806 3955 2958 3993 erce·
2995 3947 3122 3992 sunt
3146 3955 3231 3991 sr-

952 4042 1043 4080 cce
1079 4028 1368 4080 Bononiae.

1167 4115 1190 4146 ⁸
1223 4120 1503 4183 Quaenam
1551 4125 1697 4172 tecte
1745 4120 1974 4187 cogitet,
2025 4120 2293 4172 incertum
2342 4126 2439 4171 eet.
2502 4121 2584 4171 De
2620 4120 2924 4172 sarmaticis
2967 4119 3239 4187 cogitasse

952 4208 1214 4273 Roysium
1251 4209 1425 4261 conici
1461 4215 1638 4276 potest
1685 4226 1752 4261 ex
1797 4210 2035 4262 carmine
2075 4209 2142 4263 19
2177 4226 2266 4278 με.
2305 4209 2412 4263 265
2461 4209 2624 4277 (conf.
2662 4225 2748 4277 pg.
2787 4208 2911 4273 336,
2954 4208 3025 4273 9).
3081 4210 3144 4260 In
3182 4224 3239 4260 v.

952 4294 1023 4348 13
1072 4297 1299 4348 sortasse
1340 4289 1501 4349 debui
1540 4297 1733 4351 addere
1770 4315 1837 4351 ex
1872 4299 2183 4351 coniectura
2221 4301 2339 4364 „te'¹
2381 4305 2508 4350 ante
2550 4298 2884 4365 „habitat-0¹⁸.
