4109 5767
404 991 475 1057 ·bus
498 989 562 1077 ille,
585 992 713 1058 etiamsi
736 991 929 1059 adversatus
952 1003 1046 1079 esset,
1069 1016 1129 1081 par
1151 1016 1222 1062 esse
1245 1016 1310 1061 non
1326 994 1484 1084 potuisset
1498 994 1556 1080 (11,

403 1100 477 1163 121
503 1100 570 1185 sq).

519 1205 765 1291 Peropportune
787 1206 885 1271 etiam
909 1205 1047 1291 eccidit,
1079 1217 1114 1271 ut
1136 1208 1222 1273 inter
1244 1205 1478 1273 lublinensium
1502 1229 1559 1273 oo-

413 1310 579 1376 mitiorum
603 1310 644 1377 de
667 1311 895 1378 consociandis
919 1314 1012 1399 regui
1036 1312 1185 1401 partibus
1207 1314 1374 1402 pactiones
1388 1313 1556 1380 Romanus

413 1415 607 1502 Sanguszko
630 1416 712 1501 dux,
743 1418 906 1505 palatinus
929 1417 1166 1485 brselaviensis
1189 1419 1477 1508 campiductorque
1499 1419 1557 1483 Li·

413 1522 553 1605 tuaniae,
576 1524 632 1610 qui
656 1524 721 1588 iam
738 1546 766 1589 a
785 1525 868 1590 leet
886 1523 1009 1612 aliquot
1025 1525 1117 1590 milia
1131 1524 1338 1592 Moschorum
1353 1523 1395 1591 ad
1411 1520 1556 1592 Ocainik

414 1626 606 1716 fugaverat,
638 1628 745 1697 Uliam
770 1653 880 1698 arcem
908 1653 929 1697 e
956 1632 1099 1699 Moschis
1121 1632 1156 1697 in
1179 1632 1299 1700 finibus
1321 1630 1476 1699 Polouiee
1498 1654 1558 1698 ex·

413 1748 589 1822 structum,
616 1762 714 1827 quam
736 1738 834 1827 paulo
858 1751 932 1807 ante
955 1741 1025 1827 ipss
1048 1740 1188 1808 Ioannes
1209 1739 1465 1809 Obodkievicius
1488 1763 1558 1806 ma-

412 1843 536 1911 ioribus
560 1847 661 1933 copiis
684 1845 808 1913 frustra
830 1848 1040 1935 oppugnabat
1062 1848 1119 1933 (ΙΙ,
1147 1849 1209 1913 124
1232 1852 1299 1937 sq),
1327 1849 1450 1936 ceperit
1472 1846 1558 1913 solo-

406 1970 477 2037 ·que
500 1952 698 2038 aequaverit,
730 1952 817 2019 ande
847 1963 1035 2041 expugnata
1066 1955 1161 2042 signa
1190 1954 1379 2041 nobilesque
1408 1952 1559 2019 bioscbos

406 2056 563 2142 captivos
586 2056 765 2125 Lablinum
797 2058 839 2123 ad
870 2080 980 2145 regem
1003 2059 1152 2127 adduxit.
1189 2061 1242 2126 Ite
1263 2060 1450 2147 duplicatae
1472 2059 1559 2145 regis

414 2160 631 2251 ordinumque
654 2163 797 2232 laetitiae
820 2187 884 2229 nou
908 2164 1013 2232 defuit
1036 2167 1181 2257 Royzius
1203 2177 1307 2255 poeta,
1329 2168 1384 2255 qui
1401 2165 1560 2232 duodevi-

413 2268 497 2357 ginti
520 2271 765 2359 epigrammatis
796 2270 837 2339 ad
870 2296 978 2361 regern
1010 2275 1142 2363 seriptis
1165 2275 1336 2342 victorium
1360 2272 1557 2363 vicwrisque

414 2375 511 2443 ducis
536 2377 757 2447 fortitudinem
781 2380 960 2447 celebravit
983 2382 1158 2469 suntque,
1182 2393 1218 2447 ut
1239 2381 1366 2447 deletae
1385 2382 1471 2447 ercis
1486 2379 1558 2447 loco

414 2502 436 2547 a
457 2481 589 2549 Polonis
613 2506 698 2551 nove
721 2508 782 2551 arx
802 2496 916 2552 eontra
931 2486 1081 2553 bioscbos
1097 2497 1320 2553 exstrueretur
1334 2487 1391 2571 (ΙΙ,
1406 2487 1559 2568 19-23).

522 2588 637 2677 Neque
667 2589 737 2655 sola
766 2602 836 2657 tum
868 2591 949 2658 baec
978 2591 1120 2679 publicis
1151 2591 1250 2658 rebus
1272 2593 1383 2658 dieata
1412 2592 1560 2657 earmina

414 2704 521 2759 aetate
551 2695 617 2759 ium
647 2694 690 2759 ed
718 2698 992 2783 septuagesimum
1016 2698 1104 2763 vitae
1135 2718 1257 2761 annam
1280 2697 1561 2784 appropinquante

416 2800 548 2886 scripsit
571 2800 721 2889 Royaius,
744 2802 926 2888 compesuit
948 2803 1036 2867 enim
1058 2802 1172 2869 eedem
1196 2801 1265 2869 iere
1288 2813 1432 2890 tempore
1457 2802 1561 2889 epita-

416 2904 528 2993 phium
553 2907 648 2973 Petro
671 2909 795 2993 Burrio,
819 2908 994 2975 castellano
1019 2908 1235 2997 premisliensi
1258 2908 1316 2995 (II,
1340 2909 1405 2975 139
1420 2913 1489 2997 sq),
1512 2906 1562 2971 di-

416 3013 565 3079 mittebat
588 3014 697 3101 libres,
721 3016 893 3105 praecipue
917 3016 1109 3083 Deeisioues
1132 3040 1208 3083 suas
1230 3015 1412 3102 lituanieas,
1434 3014 1560 3081 idoneis

416 3124 647 3211 propemptieis
678 3124 853 3191 instructas
885 3125 945 3210 (ΙΙ,
978 3125 1043 3191 110
1066 3148 1122 3212 sq,
1144 3127 1201 3208 323
1235 3126 1299 3192 140
1321 3145 1381 3213 sq.;
1412 3125 1476 3191 148
1500 3146 1560 3212 sq.;

419 3232 484 3297 155
507 3252 565 3319 sq.;
594 3232 671 3315 159;
694 3233 760 3299 323
784 3236 852 3320 sq),
882 3230 1062 3299 celebravit
1086 3231 1196 3298 multis
1218 3233 1419 3299 carminibus
1441 3230 1561 3297 Alber·

417 3349 488 3403 tam
511 3338 664 3425 Lascum,
687 3341 834 3407 victoriis
858 3340 899 3406 de
922 3340 1080 3407 Valaebis
1094 3340 1287 3429 Tatarisque
1308 3340 1418 3406 relatis
1434 3338 1560 3405 clarum

408 3446 473 3530 (Π,
499 3447 696 3531 133-138),
717 3448 797 3533 quin
812 3448 911 3513 stiam
928 3456 1062 3513 mortem
1080 3428 1284 3531 Ludovicil,
1310 3447 1559 3533 Hugenotorum

418 3550 521 3637 ducis,
543 3554 599 3640 qui
623 3552 655 3617 in
680 3551 802 3641 proelio
825 3553 867 3618 ad
890 3554 1013 3621 darnae
1036 3575 1064 3618 a
1082 3555 1169 3619 1569
1185 3551 1378 3619 vulneratus
1394 3561 1427 3617 et
1442 3550 1562 3617 deinde

418 3660 547 3725 occisus
569 3670 627 3745 est,
650 3659 777 3727 duobus
801 3660 1000 3727 carminibus
1024 3661 1131 3748 tetigit
1153 3661 1210 3745 (ΙΙ,
1226 3660 1292 3726 325
1307 3682 1363 3747 sq,
1386 3662 1450 3742 l'i).
1472 3660 1564 3725 Inter

417 3764 500 3833 baec
524 3766 682 3833 fundebat
703 3767 852 3855 querelas
875 3769 1007 3834 erubrus
1038 3766 1079 3833 de
1110 3768 1265 3855 pensione
1296 3767 1360 3833 eibi
1390 3767 1455 3832 iam
1485 3764 1563 3831 inde

414 3872 462 3937 ab
484 3894 513 3937 u.
539 3874 633 3949 1567,
657 3884 693 3939 ut
715 3896 815 3961 supra
837 3876 1021 3960 suspicatus
1045 3896 1127 3957 seru,
1150 3896 1215 3938 uon
1239 3871 1353 3938 soluta.
1384 3872 1563 3958 Praecipue

419 4002 498 4044 vero
521 3989 592 4065 post
614 3978 808 4046 dentiscana
830 3981 960 4066 negotia
983 3989 1135 4066 suscepta
1153 4001 1263 4067 regem
1278 3977 1431 4066 precibus
1447 3977 1489 4042 de
1504 3978 1564 4042 sti·

418 4083 538 4171 pendio
568 4086 727 4169 fatigabat
759 4087 820 4170 (11,
850 4088 894 4151 23
918 4109 994 4171 sqq7
1017 4088 1052 4168 93
1082 4086 1236 4167 27-39).
1275 4086 1326 4149 Ac
1348 4106 1408 4149 rex
1430 4082 1563 4147 tandem

412 4190 486 4255 '600
509 4188 646 4255 florenos
676 4192 705 4255 ei
737 4190 920 4277 assignavit
943 4189 1209 4275 rnaudatsvitque
1239 4186 1375 4253 Nicolao
1400 4187 1564 4253 Narusze·

420 4295 516 4379 vicio,
539 4318 658 4381 magne
680 4296 882 4363 thesaurario
905 4294 1071 4380 lituunico,
1095 4306 1131 4359 ut
1153 4296 1183 4360 ei
1206 4292 1292 4359 hanc
1314 4292 1487 4381 pecuniam
1505 4292 1566 4356 tri·

418 4398 481 4469 bus
504 4402 616 4490 aequis
640 4402 841 4489 portionibus
867 4403 1068 4491 primamque
1092 4401 1203 4467 stetim
1226 4422 1312 4466 anno
1335 4397 1474 4465 vertenti
1491 4407 1564 4487 per'L

417 4507 571 4573 solveret.
594 4508 659 4576 Sed
682 4532 723 4575 ne
746 4520 814 4575 tum
838 4509 969 4598 quidem
994 4510 1074 4574 sutis
1098 4505 1266 4574 commode
1289 4527 1340 4571 res
1362 4506 1500 4571 cessisse
1516 4504 1567 4569 viL

412 4615 526 4699 detur,
549 4616 595 4681 ita
619 4626 654 4682 ut
668 4616 812 4708 Royzius
829 4616 870 4683 de
887 4640 925 4683 en
942 4640 976 4683 re
992 4616 1099 4705 ipsum
1117 4616 1272 4681 loannem
1283 4610 1565 4696 Obodkicvieium,

418 4734 489 4789 tum
504 4746 656 4811 magnum
671 4724 844 4792 Lituaniae
857 4724 1124 4809 mareschalcum,
1139 4721 1257 4788 adierit
1268 4721 1325 4806 (ΙΙ,
1340 4722 1403 4786 125
1412 4743 1467 4807 sq,
1475 4718 1565 4802 XV).

528 4832 661 4899 Praeter
683 4834 834 4921 stipendii
858 4832 1072 4921 extorquendi
1096 4853 1209 4897 curem
1232 4826 1321 4894 aliud
1352 4829 1485 4916 insuper
1506 4850 1566 4893 ne-
