4109 5767
676 760 722 862 9⁴

781 974 904 1041 Omnia
924 998 984 1041 vos
1007 976 1100 1061 inter,
1123 975 1228 1063 potuit
1249 996 1482 1064 quaecumque,
1504 970 1650 1061 profudit

783 1082 932 1168 Largior,
953 1104 1037 1170 aque
1060 1082 1147 1147 fame
1170 1080 1356 1146 inclementi
1380 1092 1413 1146 et
1435 1079 1557 1166 frigore
1578 1079 1669 1145 texit

706 1214 753 1256 ιο.
872 1190 1012 1275 Amisso,
1035 1188 1159 1275 infelix,
1180 1188 1347 1275 Gummto,
1369 1188 1527 1274 Sarmata,
1550 1187 1634 1275 luga

781 1297 926 1385 Egregia
946 1296 1035 1363 baud
1058 1320 1183 1386 pessus,
1206 1298 1234 1361 si
1257 1318 1322 1386 qua
1344 1295 1528 1362 elucescere
1551 1295 1634 1361 vidit

784 1405 924 1493 Ingenia
944 1418 977 1472 ct
998 1404 1099 1493 vulgo
1122 1407 1228 1471 maius
1250 1406 1446 1494 promittere,
1469 1406 1554 1469 tristi

784 1513 981 1602 Paupertate
1002 1514 1115 1603 premi,
1139 1513 1235 1579 latias
1257 1515 1424 1603 praemisit
1446 1512 1488 1579 ad
1512 1536 1594 1599 oras,

784 1620 927 1707 Magnus
949 1620 1005 1687 ubi
1029 1622 1184 1707 Antenor,
1207 1620 1323 1687 elassis
1345 1644 1481 1687 securus
1503 1620 1649 1705 achivae,

705 1747 753 1792 ιι.
782 1726 964 1812 Occubat1,
985 1739 1044 1792 aut
1065 1750 1167 1815 parvo
1190 1728 1267 1792 Bois
1291 1726 1346 1792 ubi
1370 1730 1498 1794 moenia
1519 1726 1634 1793 Rheno

784 1834 958 1923 Neptunus
979 1845 1070 1901 secet
1092 1846 1124 1900 et
1147 1834 1288 1901 mediam
1311 1858 1416 1923 rugus
1439 1834 1533 1901 alluit
1556 1834 1669 1900 urbem
1679 1834 1700 1899 ¹.

785 1942 921 2007 Divitiis
943 1964 1111 2030 uunquam
1134 1942 1240 2008 bonus
1263 1943 1491 2031 impensaeque
1513 1943 1686 2031 perpercit:

784 2049 921 2116 Talibus
943 2050 1076 2116 auxiliis
1098 2062 1131 2116 et
1153 2050 1379 2117 defensoribus
1402 2051 1473 2117 istis

786 2158 869 2223 Esse
890 2180 973 2245 opus
996 2159 1030 2223 in
1053 2167 1144 2223 tanto
1166 2158 1242 2224 fidei
1265 2158 1454 2225 discrimine
1476 2158 1568 2224 vidit

704 2286 755 2329 ao.
875 2264 1016 2349 Amisso,
1039 2264 1159 2347 infelix,
1182 2262 1348 2349 Gamrato,
1372 2264 1531 2350 Sartnata,
1551 2263 1637 2351 luge

786 2370 936 2434 Iustitiae
958 2380 1102 2435 assertor
1125 2371 1283 2458 iustisque
1306 2371 1339 2435 in
1362 2369 1476 2435 litibus
1498 2392 1583 2455 acer,

785 2475 990 2564 Pauperibus
1012 2498 1141 2564 semper
1162 2478 1225 2542 fuit
1247 2488 1279 2541 et
1300 2476 1518 2564 locupletibus
1541 2476 1637 2543 idem.

785 2582 841 2649 Nil
863 2604 968 2671 genus
990 2581 1080 2649 bunc
1103 2584 1178 2649 iusti
1203 2594 1260 2650 utut
1283 2606 1437 2650 nummus
1461 2582 1598 2651 violator
1619 2594 1652 2651 ot
1674 2584 1779 2674 acqui,

786 2692 860 2757 Non
884 2693 1087 2781 importunae
1110 2690 1264 2758 lacrimae
1287 2715 1417 2759 movere
1439 2716 1603 2782 precesve,

706 2823 757 2865 as.
789 2800 959 2866 Humanas
981 2824 1038 2867 seu
1063 2824 1147 2890 quae
1167 2802 1301 2867 turbant
1323 2802 1399 2867 odia
1421 2824 1536 2891 aspera
1559 2812 1695 2869 mentes:

787 2907 894 2973 Reddi
917 2910 1036 2997 cuique
1058 2932 1154 2975 suum
1177 2910 1289 2995 voluit,
1312 2934 1377 2976 non
1403 2909 1532 2976 laedere
1554 2931 1762 2999 quemquam3

788 3013 865 3079 Vox
886 3016 957 3080 eius
979 3016 1034 3081 lex
1055 3018 1133 3081 viva
1157 3017 1219 3081 fuit
1241 3015 1372 3105 litisqne
1394 3028 1563 3104 protervae

788 3120 891 3207 Finis,
912 3143 1063 3209 supremo
1085 3132 1252 3211 tamquam
1274 3146 1335 3189 vox
1360 3123 1448 3189 edita
1471 3122 1570 3189 eaelo.

877 3229 1017 3315 Amisso,
1039 3228 1165 3315 infelix,
1187 3229 1352 3317 Gatnmto,
1376 3232 1535 3317 Suunats,
1558 3230 1642 3318 luga

705 3356 754 3401 ao.
785 3334 867 3400 Ilius
890 3334 988 3423 plena
1009 3336 1089 3402 viris
1112 3337 1240 3425 magnis
1263 3337 1393 3421 domus3
1415 3338 1520 3404 omnis
1543 3338 1586 3405 ab
1609 3337 1665 3403 illu

788 3444 950 3512 Sarmatia
972 3456 1005 3511 et
1026 3446 1138 3512 vicina
1161 3445 1294 3513 eolens⁸
1316 3440 1471 3536 respousa
1493 3446 1635 3537 petebat:

788 3553 853 3621 Seu
877 3577 973 3643 quem
997 3577 1092 3621 saera
1114 3554 1178 3620 Dei
1205 3553 1342 3621 dubium
1365 3557 1489 3622 ritusvc
1511 3564 1658 3623 tenerent

788 3661 858 3725 Nee
880 3661 965 3726 benc
987 3674 1064 3727 noto
1086 3673 1200 3749 pateus
1223 3662 1313 3727 eaelo
1335 3664 1398 3749 vie,
1422 3664 1492 3729 sive
1514 3663 1667 3729 molestae

789 3765 935 3830 Invitum
957 3767 1031 3832 lites
1056 3768 1126 3832 fora
1148 3768 1189 3833 ad
1214 3769 1399 3855 importuna
1421 3768 1602 3835 trahebant

708 3891 757 3936 aa.
788 3871 961 3936 Astrorum
984 3872 1183 3940 consultores
1206 3875 1320 3963 procul
1343 3874 1420 3941 inde
1442 3876 1580 3965 profani,

790 3977 834 4041 Et
856 3979 912 4065 qui
936 3978 1094 4044 consultis
1117 3980 1330 4046 mendacibus
1353 3981 1494 4048 abstinet
1517 3982 1623 4067 astris,

789 4083 902 4170 Digna
924 4084 987 4172 piis
1010 4084 1120 4150 studia
1142 4095 1174 4150 et
1196 4086 1352 4173 religione
1375 4087 1500 4154 colebat
1510 4094 1532 4153 ⁴.

878 4192 1019 4278 Amisso,
1041 4190 1168 4279 infelix,
1190 4192 1355 4282 Gauuato,
1379 4194 1537 4281 Sarmata,
1559 4194 1644 4283 luge.

788 4293 910 4362 Omnia
932 4319 990 4385 pro
1012 4298 1151 4385 Christo,
1173 4299 1295 4365 fuerint
1317 4323 1541 4390 quaecumque
1563 4300 1695 4391 pericla,

792 4596 801 4627 ¹
820 4595 973 4651 Patavium.

792 4683 804 4716 ⁸
821 4688 986 4746 Maeuiam,

793 4774 804 4806 ¹
822 4778 922 4829 Derim
940 4779 1112 4831 substantiva
1131 4780 1158 4831 vl
1176 4790 1343 4848 usurpatum.

792 4866 804 4896 ⁴
824 4869 859 4919 iti
880 4875 934 4920 tros
953 4868 1040 4920 ultimi
1060 4886 1152 4921 versus
1171 4871 1266 4922 mondo
1285 4872 1399 4940 quodam
1418 4871 1552 4926 laborant
