4109 5767
1302 740 1359 747 ,αι-.-
1379 741 1426 747 ...-

1311 752 1359 758 ----
1404 754 1496 761 .---

719 860 936 949 Arbitriisqne
958 862 1026 925 suis
1049 860 1169 927 inferre
1190 862 1377 948 potentibus
1400 863 1545 931 setlrrae:

720 966 852 1037 Solvere
873 967 927 1034 cui
950 966 1111 1055 quondam
1135 968 1186 1033 ius
1209 978 1258 1034 cst
1280 980 1312 1034 ot
1336 980 1466 1037 uectore
1488 971 1600 1037 vinula

718 1076 869 1142 Aeternis
890 1073 981 1140 nullo
1002 1073 1166 1141 solvendis
1188 1076 1302 1142 robore
1325 1077 1433 1144 nodis:

718 1183 870 1272 Denique
892 1183 946 1249 cui
972 1182 1098 1249 coelum
1121 1182 1261 1270 domino,
1284 1186 1338 1251 cui
1361 1196 1485 1253 turture
1507 1202 1623 1275 pnraurt

609 1319 684 1365 aas.
720 1292 874 1357 Humano
896 1313 961 1357 non
983 1291 1026 1375 vi,
1049 1290 1106 1356 sed
1129 1312 1209 1357 voce
1232 1291 1374 1360 iubentis
1394 1294 1483 1361 Iesu:

720 1400 818 1465 Hunc
840 1399 895 1487 qai
919 1407 1128 1463 contemnunt
1151 1408 1182 1463 et
1204 1398 1294 1463 iussu
1316 1422 1486 1487 capessere
1509 1418 1670 1487 mussant,

718 1505 802 1570 Ausi
824 1506 902 1592 quin
925 1504 1022 1568 etiem
1045 1504 1206 1569 cervicem
1228 1505 1374 1571 attollere
1397 1520 1522 1593 contra,

719 1611 853 1698 castigo
873 1610 1050 1699 poenisque
1071 1610 1194 1697 aspris¹
1217 1622 1250 1675 et
1271 1611 1343 1698 lege
1366 1635 1489 1679 euerce.

719 1720 798 1786 Iure
820 1718 884 1786 Dei
906 1726 1022 1803 tutore
1044 1726 1117 1782 tuos
1140 1740 1215 1782 sons
1239 1718 1364 1785 imbuat
1385 1742 1489 1787 enses

608 1856 684 1903 rso.
722 1829 795 1895 Hoc
816 1826 970 1896 incumbe
991 1826 1026 1891 in
1049 1848 1139 1914 opus,
1162 1826 1224 1891 Dis
1248 1850 1306 1893 rcx
1330 1830 1430 1895 uteris
1453 1830 1578 1897 amieis.

808 1938 964 2005 Proxime
986 1936 1128 2001 iustitiae
1150 1956 1230 2001 cura
1252 1946 1309 2003 cst.
1340 1937 1434 2018 Quae
1457 1940 1604 2006 maxime
1627 1963 1709 2008 cura

718 2047 768 2116 Sit
789 2056 853 2133 tua,
875 2066 945 2111 rex.
975 2043 1105 2109 Etenim
1128 2065 1228 2131 regno
1251 2044 1331 2133 quid
1354 2046 1523 2133 pulchrius
1546 2048 1612 2135 illo,

717 2156 795 2222 Fert
817 2155 875 2222 ubi
898 2152 1037 2241 quicque
1058 2150 1175 2217 suum?
1198 2174 1262 2217 non
1285 2152 1340 2219 hic
1364 2156 1448 2243 repit
1472 2154 1570 2243 illius,
1594 2156 1650 2223 ille

718 2265 792 2331 Non
815 2264 902 2353 rupit
923 2259 1021 2326 huius
1043 2281 1129 2347 opes,
1151 2258 1249 2325 rebus
1272 2272 1443 2328 contentus
1466 2264 1565 2329 avitis

611 2398 685 2445 use.
721 2372 765 2438 Et
786 2371 881 2437 iustis
903 2377 996 2457 parto
1018 2366 1148 2449 studiis3
1171 2365 1227 2433 ubi
1250 2366 1379 2435 loedere
1401 2392 1599 2458 quemquam

719 2478 853 2544 Grande
875 2474 978 2559 nefas,
1001 2475 1152 2557 ferroque
1175 2495 1291 2539 manus
1313 2496 1440 2541 armare
1463 2478 1593 2542 nocenti

719 2585 761 2651 In
783 2593 881 2673 caput
904 2579 1038 2647 ulterius
1062 2590 1186 2645 struem
1209 2590 1266 2644 aut
1288 2582 1453 2667 peioribus
1477 2583 1566 2647 ausis

718 2692 861 2758 Insidias
884 2700 917 2756 ct
940 2687 1057 2753 fraude
1080 2685 1181 2752 mulos
1205 2686 1391 2755 meditarier
1413 2698 1504 2754 astus

718 2800 881 2881 Invisam3
905 2794 1044 2883 populus
1067 2804 1174 2879 patres
1198 2792 1252 2858 ubi
1277 2816 1398 2881 pronus
1420 2794 1566 2880 honoret,

612 2933 684 2977 roo.
718 2903 817 2972 Plebs
839 2905 956 2987 civem,
978 2920 1154 2987 regemque
1176 2921 1300 2982 omncs3
1325 2899 1380 2963 ubi
1404 2901 1508 2966 vincit
1530 2900 1705 2967 honestum

719 3012 907 3097 Commoda,
929 3009 1034 3096 turpis
1057 3004 1114 3071 ubi
1137 3005 1220 3072 lucri
1244 3004 1399 3071 damnata
1422 3007 1543 3095 cupido
1565 3019 1628 3092 est3

718 3120 851 3188 Crimen
874 3117 931 3184 ubi
955 3116 1064 3182 fraudi
1088 3124 1136 3180 cst
1159 3126 1190 3180 et
1212 3114 1310 3181 habet
1332 3137 1393 3180 suu
1415 3118 1560 3204 praemio
1583 3118 1700 3203 virtus,

720 3230 764 3295 ltt
786 3228 904 3317 dignos
926 3236 1036 3291 manet
1058 3223 1144 3289 altas
1165 3221 1268 3288 bonos
1291 3232 1462 3311 sontesque
1485 3246 1636 3291 severum

720 3337 925 3428 Supplicium
948 3355 1136 3424 poenaeque
1158 3354 1275 3421 graves
1298 3340 1329 3397 ot
1352 3331 1458 3398 tristia
1482 3332 1559 3420 late,

615 3474 690 3523 scs.
727 3448 798 3516 Nec
821 3469 895 3538 spes
918 3444 1105 3513 alludatur
1128 3442 1216 3531 leges
1238 3440 1361 3509 violare
1383 3442 1547 3531 preeundo

721 3557 880 3626 Sordibus
902 3566 959 3621 aut
981 3555 1113 3620 meritas
1136 3553 1301 3640 pretioque
1323 3551 1461 3619 evadere
1483 3574 1614 3640 poenas.

721 3668 794 3733 Non
818 3667 927 3731 minus
950 3664 1015 3749 hic,
1037 3662 1188 3727 humeros
1211 3669 1324 3725 oneret
1346 3661 1401 3746 qui
1425 3660 1596 3745 torquibus
1621 3662 1730 3727 aureis

724 3774 939 3860 Ostentatque
962 3793 1038 3836 suos
1061 3780 1092 3835 et
1115 3768 1258 3855 imagine
1279 3764 1401 3855 gaudet
1424 3789 1569 3854 avorum,

722 3882 805 3950 sons
827 3881 936 3946 horret
960 3878 1065 3943 fuscos
1087 3886 1119 3942 et
1142 3874 1274 3939 turbida
1297 3873 1414 3939 iudicis
1438 3896 1503 3959 om,

614 4015 687 4059 iro.
724 3990 831 4069 Quom
855 4008 986 4075 pauper,
1009 4007 1120 4073 presso
1141 3994 1172 4047 ct
1196 3994 1314 4047 terram
1338 3982 1393 4068 qai
1418 3990 1526 4046 versat
1550 3992 1668 4068 aratro,

722 4101 882 4163 Assuetus
904 4094 1004 4159 vitam
1028 4091 1111 4156 duro
1133 4089 1271 4155 tolerare
1293 4087 1411 4153 laboro.

722 4202 870 4267 Iustitiae
891 4200 955 4265 hoc
977 4197 1123 4263 studium
1144 4206 1287 4283 praestat
1307 4195 1451 4281 iurisque
1474 4194 1591 4277 severi3

724 4309 796 4374 lloe
819 4306 973 4372 incumbe
994 4306 1030 4370 in
1052 4326 1143 4391 opus,
1166 4324 1233 4388 ros,
1256 4301 1337 4366 bace
1359 4311 1416 4366 tue
1438 4302 1588 4387 proxime
1604 4320 1684 4365 eura
1703 4311 1764 4366 est.

812 4416 884 4481 Rex
909 4413 1005 4478 dotus
1026 4434 1062 4478 es
1087 4410 1223 4499 populis,
1246 4409 1356 4473 multis
1379 4430 1438 4473 rex
1462 4406 1597 4473 urbibus
1622 4429 1716 4472 ursas.

615 4548 689 4592 aas.
723 4524 870 4590 Intentos
892 4523 927 4586 in
950 4532 982 4586 tc
1005 4530 1130 4585 mentes
1154 4528 1251 4605 atquc
1275 4539 1331 4581 ora
1352 4527 1462 4581 tencre

726 4760 733 4789 ¹
754 4760 833 4826 Verg.
854 4760 919 4810 Aea.
939 4753 1055 4822 11,379.
