4109 5767
795 792 999 831 miseraturus
1017 794 1205 833 raunuaovu.
1526 780 1567 848 87

427 860 590 871 -ι-υιι

431 1004 500 1051 raa.
534 984 648 1071 Bogus
672 982 728 1050 ubi
750 982 829 1051 hiae
851 984 957 1051 amnis
980 984 1092 1053 vitreis
1114 984 1353 1074 pulcherrimus
1376 988 1483 1076 undis,

532 1089 616 1157 Inde
636 1089 864 1157 Muohevieius
886 1092 979 1180 pieeo
1002 1100 1034 1159 te
1056 1092 1186 1180 gurgite
1208 1092 1320 1182 cingit,

532 1197 646 1265 Bresoi
668 1219 736 1284 arx,
758 1220 858 1286 seque
879 1197 937 1265 diu
959 1197 1075 1265 luetati
1098 1198 1232 1267 flumine
1253 1200 1395 1290 iungunt
1452 1216 1458 1223 “

532 1305 650 1392 Invito,
673 1304 752 1371 dum
774 1306 889 1393 Bogus
912 1306 1006 1395 aquis
1030 1306 1087 1373 vix
1110 1308 1248 1375 sustinet
1271 1310 1350 1375 atris
1464 1318 1468 1330 '

532 1412 673 1499 Misoeri,
695 1411 778 1479 fonti
801 1413 940 1480 similem
963 1436 1094 1481 servare
1116 1414 1256 1482 eolorem

427 1540 497 1586 eoo.
531 1518 683 1585 Annixus
705 1519 874 1609 nitidoque
896 1520 998 1587 altum
1021 1530 1130 1611 petere
1153 1523 1284 1611 agmine
1304 1532 1448 1613 pontum.

622 1627 667 1693 Hi
690 1650 809 1695 venere
831 1627 951 1718 aliique
973 1638 1005 1697 et
1027 1651 1166 1720 quorum
1189 1630 1322 1697 nomina
1343 1644 1453 1699 versu¹

532 1736 567 1806 si
590 1758 768 1805 memorare
790 1736 883 1803 iuvat
904 1735 1082 1827 laudesque
1105 1745 1137 1806 et
1159 1738 1248 1806 foeta
1269 1736 1411 1829 superba

502 1832 505 1835 ⁴
530 1844 640 1933 Atque
663 1843 764 1911 deone
785 1846 902 1932 gentis,
925 1846 1022 1912 eitius
1046 1854 1124 1933 quot
1146 1844 1254 1913 sidera
1276 1846 1404 1935 fulgent

531 1949 695 2017 Aetherea
716 1950 895 2018 numerabo
917 1951 1024 2041 plaga,
1047 1974 1187 2041 eumque
1210 1974 1308 2020 eurus
1331 1962 1364 2021 et
1385 1956 1490 2021 omnis

426 2077 497 2123 soa.
530 2058 712 2123 Ventorum
733 2057 786 2122 vis
808 2057 958 2124 ineubuit
980 2060 1201 2148 neptuniaque
1223 2081 1303 2125 arva

530 2162 644 2229 volvit
666 2184 767 2253 agens
791 2162 898 2249 undis,
921 2174 1061 2252 surgunt
1084 2174 1162 2254 quot
1184 2166 1218 2231 in
1242 2187 1381 2254 aequore
1403 2164 1531 2234 fluetus.

621 2270 691 2337 llos
713 2270 939 2338 Itudivilorum
962 2270 1064 2339 ‹loous
1086 2272 1203 2359 ingone
1211 2275 1232 2360 ¹,
1255 2272 1407 2363 farraque
1428 2274 1535 2363 gentis

530 2378 574 2443 nt
596 2377 735 2445 eoeleste
757 2376 853 2444 iubar
874 2377 1027 2465 lituonae,
1049 2377 1217 2467 gloriaque
1239 2380 1345 2445 omnis

530 2484 711 2553 Sumuatiae
733 2483 872 2573 hospitio
894 2486 1033 2574 excepit,
1056 2509 1120 2575 quo
1143 2508 1178 2552 se
1200 2484 1296 2554 Oliee
1318 2486 1426 2573 iaetat,

425 2612 496 2657 aro.
531 2590 605 2671 Quo
628 2591 721 2677 duee,
743 2592 896 2677 Neruisii
919 2592 1041 2680 primos
1063 2592 1227 2659 meruistis
1249 2590 1400 2659 honores:

530 2696 681 2785 Hospitio
703 2707 735 2764 et
757 2719 878 2783 mensa,
901 2698 1020 2765 veteris
1044 2720 1108 2785 qua
1131 2697 1219 2763 sama
1242 2697 1374 2765 Laoulli

529 2803 691 2889 Vincitur,
714 2810 747 2869 et
768 2826 852 2893 quae
874 2802 953 2869 olim
974 2803 1044 2891 tibi,
1068 2802 1136 2869 dux
1160 2803 1293 2891 troiano,
1315 2826 1374 2894 per
1396 2804 1498 2872 ultum

529 2911 654 2979 laetato
676 2912 783 2977 ventis
806 2920 839 2979 et
860 2910 1106 3001 tempestatibus
1129 2912 1217 2997 atris,

528 3020 592 3087 Per
615 3020 723 3086 varios
746 3043 842 3087 eorus
865 3020 997 3088 Latiam
1022 3029 1055 3089 ot
1077 3042 1163 3087 nova
1185 3042 1287 3107 regna
1308 3018 1430 3109 potenti

425 3151 496 3197 rra.
530 3129 633 3198 Laeta
653 3138 748 3221 parat
770 3129 859 3199 Dido
881 3131 1030 3221 augustis
1053 3128 1205 3199 oonvivia
1228 3128 1331 3198 teotis.

527 3238 621 3307 Milia
643 3241 747 3308 multa
768 3240 937 3308 hominum
959 3240 1074 3330 pmeit,
1097 3262 1159 3307 nee
1180 3260 1315 3329 passere
1336 3246 1464 3307 tantum

528 3349 721 3419 Contentus:
743 3350 837 3417 donis
859 3358 972 3417 oneret
993 3349 1159 3437 laetosque
1180 3348 1323 3415 remittit

528 3457 584 3523 Illi
606 3457 751 3525 caelatus
774 3468 880 3525 orator
901 3456 1123 3547 gravidaeque
1145 3464 1280 3546 argento

529 3564 573 3629 Et
595 3564 698 3653 signis
720 3563 874 3655 scyphus,
897 3564 1063 3632 aethereos
1085 3562 1164 3631 huie
1187 3562 1305 3629 anulus
1327 3564 1420 3651 ignes

423 3691 494 3737 eso.
527 3670 716 3739 Obseurans
738 3695 876 3761 gemma,
898 3683 947 3739 est
969 3694 1098 3758 munus,
1121 3668 1370 3760 glomeransque
1391 3670 1508 3737 lerenti

445 3783 473 3793 ”
528 3777 665 3844 Ineessu
687 3799 819 3864 gressus
842 3779 970 3865 sonipes
992 3778 1171 3866 rapidoque
1193 3778 1380 3865 relinquens

527 3881 606 3948 Post
626 3890 756 3969 tergum
778 3903 877 3949 oarsa
900 3905 1042 3970 eampos,
1064 3882 1205 3949 infessus
1228 3890 1261 3949 et
1283 3890 1367 3949 ee'er.

528 3986 606 4053 Fert
628 3986 712 4052 alias
734 3987 844 4074 pelles,
867 3987 1028 4053 aroendae
1051 4008 1187 4053 munera
1209 3986 1345 4053 brumae

529 4090 715 4177 commoda,
738 4115 820 4180 quas
842 4093 935 4159 dives
956 4093 1059 4158 vastis
1080 4091 1271 4159 Moselrovia
1293 4091 1385 4157 silvis

424 4217 495 4263 aaa.
527 4196 637 4284 Mittit,
659 4206 692 4264 et
714 4197 873 4265 horrentis
896 4179 1019 4287 septem
1041 4219 1174 4265 nemora
1196 4197 1263 4263 ulta
1283 4198 1408 4283 trionis,

528 4304 572 4372 Et
593 4327 677 4394 quae
698 4304 833 4394 longum
856 4327 1108 4373 commemorare
1130 4313 1163 4373 et
1184 4304 1294 4397 dioere
1315 4327 1422 4373 versu.

617 4411 758 4494 Quando
780 4414 827 4480 ita
849 4414 988 4481 fortuma
1010 4422 1043 4480 et
1065 4412 1218 4481 sensibus
1240 4413 1342 4481 uteris
1365 4413 1507 4504 amplia

527 4518 739 4611 Illustresque
762 4520 847 4590 datis
869 4522 986 4612 opibus
1008 4520 1132 4588 moliris
1153 4520 1301 4609 honores,

422 4657 628 4679 ·—-·u

412 4786 417 4794 ,
492 4777 496 4785 .
530 4732 686 4788 ¹tlleolaur
713 4734 856 4788 Bedaium
873 4733 985 4805 (Niger),
1013 4743 1070 4788 tum
1088 4734 1266 4789 macellarius
1288 4734 1440 4805 thuanlae,
1465 4734 1562 4805 puru-

420 4841 473 4883 πυ
490 4823 625 4880 vitumno
644 4830 672 4883 et
689 4824 847 4899 asinaeus
864 4824 1025 4884 amana.
1050 4824 1110 4886 Obl.
1128 4841 1154 4881 a.
1174 4822 1251 4883 lter.
