4109 5767
578 755 615 790 ro
632 754 813 791 ιιιιιιιιιιιιιιιιιι
832 752 974 792 suanorum
993 753 1100 790 οιιιιιιι
1118 753 1341 791 ωιιοιιιοιιιιιιι.
1462 737 1529 804 221
1556 791 1561 800 ,

810 824 1531 846 -m—-m

497 949 618 1016 Intenti
641 958 749 1037 nutus,
773 949 826 1016 eui
850 958 885 1014 tu
908 947 998 1016 lruno
1020 948 1173 1016 eonoedis
1196 949 1360 1038 honorem,

395 1079 464 1125 ιιι.
498 1059 708 1148 Exspectant,
730 1058 888 1146 Auguste,
910 1066 993 1145 tuos,
1016 1065 1149 1148 optesne
1172 1077 1314 1125 sororem

496 1167 550 1233 An
574 1175 693 1254 natum,
715 1187 813 1255 quam
836 1167 988 1254 coniugio
1011 1165 1145 1256 dignere
1168 1165 1317 1256 superbo,

498 1273 591 1339 Uxor
612 1295 696 1362 quas
719 1273 785 1340 diei
808 1273 909 1362 possit
931 1283 996 1358 tua,
1020 1275 1143 1340 vertioe
1165 1297 1296 1341 suorum

497 1378 541 1443 Idt
563 1378 715 1445 diadema
736 1378 853 1464 ferens,
876 1388 1004 1467 seeptro
1027 1378 1212 1467 spectabilis
1236 1402 1344 1466 aureo,

499 1481 694 1551 Sarmatiam
716 1484 819 1572 optati
841 1507 897 1572 spe
919 1492 1033 1573 partus
1055 1483 1177 1573 repleat
1199 1505 1341 1551 omnemr

396 1610 464 1656 rso.
495 1587 615 1658 Foliois
637 1599 758 1678 partus,
782 1591 897 1680 ingens
920 1591 975 1659 oui
998 1589 1128 1660 debitus
1151 1588 1228 1658 olim

498 1697 673 1764 Terrarum
695 1705 828 1785 truatus,
851 1699 1086 1788 septem-plaga
1107 1708 1186 1765 nota
1207 1699 1331 1786 trionis,

500 1802 628 1870 Serviat
650 1811 681 1870 et
704 1803 758 1870 oui
780 1804 1009 1872 Sauromatum
1032 1829 1112 1893 gens
1135 1805 1249 1872 inolita
1269 1803 1363 1890 bollo,

499 1910 606 1976 Doota
628 1932 746 1998 gravas
768 1921 917 1999 torquere
938 1933 1036 1978 araus
1058 1920 1090 1979 et
1113 1910 1238 2000 spicula
1260 1910 1377 1978 dextra

499 2015 655 2105 Tendere,
678 2040 743 2085 non
767 2017 892 2086 ohoreis
916 2029 1045 2086 assueta
1067 2028 1099 2086 et
1121 2017 1273 2086 mollibus
1295 2017 1376 2084 odis.

400 2143 467 2189 ιιι.
591 2123 674 2205 Quis
697 2147 788 2192 sooer
809 2125 960 2214 Augusto
984 2134 1031 2191 tot
1052 2125 1114 2192 erit
1137 2124 1178 2193 de
1200 2125 1332 2214 regibus
1356 2147 1451 2212 unus,

502 2231 593 2298 Iusta
614 2254 713 2299 manu
737 2233 794 2322 qui
817 2242 944 2323 seeptro
966 2234 1102 2302 tenent?
1132 2233 1194 2304 (tui
1217 2233 1353 2301 numina
1375 2231 1474 2302 talem

501 2341 683 2409 Promisere
705 2341 839 2410 virum?
862 2351 911 2409 ter
933 2342 1014 2410 felix
1036 2341 1094 2409 illa
1116 2352 1292 2431 quaterque

502 2447 584 2536 Regi
607 2457 710 2538 nupta
732 2449 804 2516 viro
826 2450 1083 2518 fortunatissima
1105 2459 1137 2517 et
1159 2448 1225 2538 illa,

503 2555 594 2644 Regi,
617 2578 681 2644 quo
704 2579 765 2625 nee
788 2557 911 2625 iustitia
932 2559 1052 2647 pietate
1074 2580 1136 2625 neo
1158 2557 1240 2624 alter

403 2683 470 2728 rso.
504 2663 609 2728 Maior
631 2685 692 2731 nea
714 2674 781 2730 toto
803 2665 888 2732 vivit
910 2665 1109 2732 mansuetior
1130 2664 1217 2731 orba

504 2768 607 2836 Irasai
630 2771 743 2858 nesoit,
766 2772 829 2838 nisi
852 2794 934 2860 quas
956 2771 1011 2838 lex
1035 2771 1148 2839 leoerit
1169 2771 1245 2856 iras,

504 2875 651 2942 Admissi
673 2877 798 2945 vindex
820 2878 965 2964 sceleris3
989 2878 1047 2946 sed
1070 2901 1203 2968 paroere
1225 2878 1368 2946 alemans

504 2982 610 3050 Multa
632 2983 712 3051 viris
736 2993 855 3072 suetus,
878 3007 942 3053 non
966 2986 1057 3053 soavi
1079 3008 1168 3054 more
1190 2984 1324 3078 tyranni

505 3091 583 3159 Fert
604 3091 728 3176 oeulos3
750 3091 880 3181 placida
903 3093 1031 3180 fulgent
1053 3115 1147 3160 saara
1168 3093 1293 3160 lumina
1315 3092 1430 3159 fronte.

403 3218 472 3264 ιιι.
506 3196 567 3266 Illa
589 3198 687 3265 deoor
708 3198 900 3288 pulchrique
922 3209 1073 3288 aspeotus
1094 3198 1245 3266 amabilis
1267 3199 1333 3265 oris

505 3303 657 3390 lausque
680 3304 831 3370 maiestas
853 3304 989 3392 spirans,
1013 3325 1074 3370 oen
1097 3304 1230 3392 spiritus
1252 3302 1317 3369 alto

504 3407 676 3474 Domissus
698 3408 797 3494 eaelo,
819 3431 855 3475 se
876 3408 1048 3475 effundens
1070 3418 1190 3475 anneta
1212 3417 1348 3476 serenat.

436 3591 439 3599 .
506 3511 607 3578 Haud
628 3511 779 3601 equidem
801 3535 874 3579 reos
896 3514 1042 3603 Augusti
1064 3513 1125 3580 sub
1148 3523 1278 3603 pertore
1300 3512 1475 3601 quiequam

504 3619 631 3686 Durius
654 3626 711 3685 aut
732 3619 851 3685 animis
874 3619 993 3708 agitari
1016 3618 1148 3687 saevius
1170 3617 1249 3685 illisl

404 3745 472 3793 ιιι.
506 3724 536 3794 0
559 3725 739 3794 fomunator
763 3727 909 3816 nimium,
932 3751 992 3796 sua
1015 3729 1044 3794 si
1066 3728 1152 3795 bona
1174 3727 1292 3815 norint,

505 3833 737 3923 Sauromatas¹,
761 3859 826 3903 uno
849 3837 965 3926 Superi
988 3837 1129 3926 quaein
1151 3858 1230 3924 rega
1251 3833 1380 3921 dedere,

504 3941 607 4012 Cuius
629 3942 784 4012 oaelsstos
807 3955 923 4035 aequat
946 3944 1119 4013 elementia
1141 3944 1260 4011 Divosl

593 4050 656 4119 cui
677 4073 778 4139 gener
800 4053 970 4141 Augustus
993 4061 1041 4119 tot
1063 4053 1125 4118 erit
1147 4051 1189 4119 de
1211 4050 1345 4138 regibus
1368 4049 1452 4114 uni?

504 4157 567 4226 Oui
589 4159 642 4224 vir
665 4160 874 4246 magnanimo
897 4169 993 4226 natas
1015 4159 1057 4227 da
1079 4181 1157 4246 rege
1178 4156 1331 4247 puellae?

402 4285 472 4332 ιιι.
505 4265 644 4354 Regulos
666 4289 750 4357 quae
772 4267 845 4334 visa
867 4275 954 4334 toros
977 4265 1196 4334 oonseoudore
1218 4265 1328 4354 digna,

506 4375 687 4442 Maerorem
711 4397 804 4442 sauro
826 4376 955 4465 ponitus
977 4375 1019 4443 de
1041 4382 1172 4464 pectore
1192 4373 1301 4463 pellat,

509 4482 587 4547 Mox
610 4483 697 4572 tyrio
719 4482 825 4571 pullos
847 4491 879 4550 et
901 4483 1026 4549 muriae
1049 4489 1153 4548 mutet
1175 4482 1323 4563 amiotus,

510 4585 775 4676 Iuoahiadumque
798 4589 923 4655 animos
945 4598 978 4655 at
1000 4589 1085 4654 tristi
1107 4597 1238 4676 peotora
1261 4609 1341 4663 ,euru

514 4815 523 4846 ¹
542 4817 622 4883 Varg.
641 4818 736 4883 Georg.
756 4815 852 4870 11457
871 4833 909 4884 sq.
