4109 5767
698 793 735 828 ro
752 793 882 828 rotetur
900 793 984 832 aron
1003 793 1145 836 roruueur
1162 791 1302 829 nurum.
1526 778 1570 845 25

428 858 531 878 m
538 859 552 866 -
575 861 582 866 -
603 859 1049 868 u—a-——n-——n-——u--a-——a-ff-
1060 861 1123 869 ..a--
1130 860 1569 874 ...η-..η--υ-ι--ῇ-α

536 871 702 880 --σ-ι--ιιιιιι
710 871 770 880 ua·
778 873 1052 881 -.-·-..-.-.--—-..-0--
1543 875 1569 886 -

587 980 762 1067 Adveniet,
785 1003 919 1069 sperem,
943 1004 1016 1049 eruo
1040 981 1215 1069 aliquando
1237 991 1344 1048 tuum:

476 1113 503 1155 s.
533 1090 577 1155 At
600 1087 709 1176 diditi,
733 1090 917 1156 ineerturu¹
941 1112 1069 1179 semper
1090 1089 1240 1178 pendero,
1263 1113 1324 1158 nee
1349 1091 1419 1158 eius

588 1198 671 1264 Esse
692 1220 779 1263 anno
802 1197 836 1263 in
860 1206 926 1264 toto
949 1198 999 1264 feo
1023 1198 1166 1286 reperire
1187 1197 1284 1266 diem.

534 1305 622 1392 Ergo
635 1289 702 1371 'diu
726 1328 799 1372 erue
821 1315 983 1394 exspecto,
1007 1304 1087 1371 dum
1110 1306 1243 1394 segnius
1265 1305 1363 1393 istud,

587 1413 712 1500 Totque
733 1423 956 1502 exspeetoturn
980 1415 1081 1480 nectit
1102 1413 1264 1502 habetque
1286 1437 1403 1481 morae.

535 1519 622 1586 Illud
646 1543 695 1607 ne,
718 1544 816 1610 quam
839 1544 935 1608 mors,
958 1522 1070 1588 veniat
1092 1521 1173 1588 mihi
1196 1522 1302 1588 serius
1324 1520 1411 1609 olim,

440 1651 502 1695 Ιιο.
584 1629 648 1718 Spe
671 1652 805 1716 vaenue,
829 1651 935 1697 veeuo
958 1629 1036 1696 folle
1058 1639 1184 1697 reverto
1207 1630 1349 1697 domum.

952 1829 1047 1894 v111.

536 1953 697 2020 Omnibus
720 1954 862 2041 Augusti
885 1976 959 2019 eros
982 1952 1189 2020 formidabile
1210 1954 1297 2040 regis

590 2060 673 2125 Est*
695 2082 759 2148 quo
782 2069 966 2145 venturum,
990 2059 1080 2126 dieat
1101 2057 1228 2148 Apollo,
1250 2059 1313 2126 die

538 2165 634 2245 Quod
657 2165 709 2232 vel
733 2165 890 2232 consultis
914 2165 992 2231 mihi
1016 2167 1045 2232 oi
1068 2165 1266 2253 praedixerit
1289 2167 1394 2250 astris,

590 2269 649 2337 Illo
672 2269 753 2337 mihi
778 2271 973 2360 magnevol
996 2272 1077 2338 Iove
1099 2271 1202 2336 maior
1224 2271 1294 2337 erit.

471 2535 488 2569 θ
507 2539 548 2587 De
567 2538 815 2601 arehtpresbyrerta
833 2538 967 2588 ecelesiae
986 2537 1129 2588 viluerint·
1148 2537 1197 2588 811.
1211 2535 1329 2601 Joaoois
1346 2531 1525 2587 obtineoda'.

971 2677 1033 2744 IX.

538 2801 678 2868 Sanetus
700 2802 843 2869 Joannee
867 2800 943 2866 olim
968 2801 1095 2868 deserta
1117 2801 1243 2868 ooiebat

591 2906 754 2974 Horridus
777 2917 810 2976 ot
832 2907 937 2976 nudos
961 2909 1069 2974 nudus
1092 2907 1203 2976 obibat
1225 2928 1335 2996 egros3

537 3015 614 3082 Post
636 3017 690 3107 pia
712 3017 884 3106 posteritas
907 3017 1067 3084 maiorum
1089 3025 1194 3084 aetate
1217 3025 1347 3084 tuorum

590 3125 709 3196 Vilueo
732 3126 824 3195 illurn
847 3127 976 3218 excepit
998 3126 1168 3194 moenibus
1191 3135 1288 3216 atque
1311 3125 1415 3193 donno.

349 3297 351 3302 .
477 3257 505 3302 o.
534 3236 772 3326 Constituitque
794 3260 885 3304 aram
907 3247 951 3324 et,
973 3237 1030 3325 qui
1053 3235 1196 3304 adoleret
1218 3245 1301 3322 tura,
1324 3235 1519 3302 ministrum.

591 3346 664 3425 Quo
686 3344 785 3433 longa
807 3345 969 3432 quondam
993 3354 1043 3411 est
1065 3367 1145 3410 naue
1166 3344 1288 3411 honore
1310 3343 1373 3410 die

536 3451 634 3516 Nune
656 3461 743 3517 errat
765 3473 899 3538 peregre
922 3451 1087 3536 defuneto,
1110 3450 1269 3537 Auguste,
1292 3449 1449 3534 ministro,

593 3557 712 3642 Bisque
735 3556 862 3621 duobus
886 3556 953 3623 obit
976 3555 1143 3622 mensibus
1165 3553 1260 3619 exsul
1283 3575 1390 3639 agros,

538 3661 581 3726 Et
602 3663 749 3749 queritur
772 3662 844 3748 sibi,
867 3673 959 3728 sueta
982 3661 1076 3727 daret
1097 3662 1154 3748 qui
1176 3669 1260 3745 tura,
1283 3659 1396 3746 negari

457 3789 504 3832 ro.
593 3767 758 3854 Seeroque
780 3778 845 3834 tam
869 3767 967 3855 longa
989 3768 1075 3832 ferro
1097 3767 1230 3852 nequire
1253 3787 1353 3830 mora

537 3873 690 3938 Fundere
712 3881 749 3938 ut
772 3872 907 3938 absistat
930 3873 1038 3938 tristes
1062 3881 1183 3938 maesto
1205 3893 1262 3936 ore
1283 3868 1439 3958 querelaq

593 3979 636 4043 Et
658 3979 766 4043 fausto
788 3989 911 4065 repetat
933 4003 1010 4043 mox
1034 4001 1094 4043 sua
1117 3975 1237 4064 templa
1260 3975 1351 4062 pede,

537 4082 644 4170 Illum,
666 4104 736 4168 rex,
758 4105 897 4170 oooerse„
921 4083 1005 4169 dato,
1028 4083 1085 4171 qui
1108 4093 1183 4148 tura
1205 4081 1377 4145 ministretz

591 4189 647 4258 Sie
669 4189 786 4256 solium
809 4189 963 4259 Morehus
986 4188 1134 4280 procidat
1157 4197 1233 4256 ante
1256 4196 1358 4253 tuum

542 4493 550 4526 ¹
569 4496 627 4549 seii.
649 4495 731 4560 „iliud
749 4499 835 4551 erud.

541 4583 552 4614 ¹
575 4609 598 4632 α
623 4588 667 4639 rit.

540 4675 637 4742 'Due
662 4695 732 4745 qun
755 4686 911 4746 sequuntur,
937 4679 1059 4732 earruirra
1084 4677 1162 4729 huius
1186 4676 1338 4745 argumenti
1363 4681 1473 4728 exstant
1500 4688 1573 4726 eom.

431 4763 486 4818 214
508 4787 532 4809 ι
557 4783 608 4818 ors.
627 4765 671 4820 91.
691 4769 796 4834 Scripta
814 4776 877 4821 suut
895 4777 958 4821 aute
976 4783 1001 4819 a.
1022 4767 1093 4822 1566
1110 4768 1154 4819 rei
1175 4765 1253 4832 root,
1271 4782 1324 4833 quo
1342 4764 1459 4830 noy-tu·
1475 4761 1503 4814 id
1516 4778 1575 4815 mu·

434 4871 485 4908 uus
504 4863 643 4909 uroeutus
661 4864 709 4910 ert.
