4109 5767
741 809 778 844 sn
796 809 908 846 munros
925 812 1074 848 nutrirem
1092 813 1282 858 ueneremur..
1521 802 1586 867 169

1275 883 1585 908 Q

492 1020 519 1066 s.
549 999 753 1090 Infestosque
775 999 869 1090 lupos
892 1002 995 1070 oeulis
1018 1002 1074 1071 bio
1098 1013 1133 1072 ut
1156 1015 1265 1074 ureoot
1288 1006 1426 1096 eudox1,

606 1108 674 1174 Aut
698 1107 763 1175 elie
784 1118 834 1176 est
856 1110 965 1198 peoori
988 1111 1088 1177 noxie
1111 1111 1145 1178 si
1163 1136 1228 1201 que
1251 1113 1329 1201 Iera,

551 1214 626 1280 Non
649 1214 776 1282 dubitet
800 1215 907 1283 duleis
929 1216 1106 1286 discrimen
1130 1219 1221 1286 odite
1244 1220 1361 1288 selutis'

607 1321 670 1388 Pro
691 1345 802 1411 grege:
824 1331 988 1412 pastorem
1009 1323 1099 1392 huno
1121 1326 1246 1394 dixeris
1268 1351 1338 1395 esse
1360 1328 1491 1397 bonum.

967 1521 1063 1588 VIII.

554 1643 634 1714 Sum
657 1644 753 1733 ruitis,
776 1668 871 1713 nemo
893 1647 1006 1714 timent
1028 1671 1102 1715 mes
1124 1669 1248 1716 eornue
1270 1649 1388 1718 iustus:

606 1751 669 1820 Ille
692 1752 785 1822 bonis
809 1778 873 1822 non
897 1765 982 1844 sunt,
1005 1766 1081 1823 suut
1104 1757 1278 1826 metuende
1300 1757 1405 1827 melis.

985 1951 1048 2018 IX.

556 2073 675 2138 Fronte
697 2074 777 2160 petit
799 2083 917 2160 sontes,
939 2077 1108 2164 pnreitque
1131 2076 1314 2143 insontibus
1337 2099 1455 2164 eguus:

610 2177 707 2244 Hune
730 2177 826 2246 iubeo
847 2178 952 2268 legem
977 2181 1156 2247 stemmatis
1179 2203 1249 2248 esse
1272 2183 1345 2248 moi.

875 2443 928 2508 De
956 2442 1164 2509 nonunt

1001 2584 1045 2648 X.

557 2703 646 2768 Imus
669 2702 789 2771 oblitus
813 2715 915 2772 terres
939 2707 1151 2793 Ourneovius,
1174 2706 1285 2792 ultum,

611 2809 806 2898 Cogitatio
830 2812 958 2880 eaelum
980 2836 1045 2902 que
1068 2822 1216 2881 tenentur
1239 2813 1309 2880 iter.

539 2915 687 3005 -Oogitet
709 2916 772 2985 hoo
794 2929 914 3008 noetes,
937 2943 1018 3011 opus
1042 2919 1104 2988 boe
1126 2921 1269 2989 intentus
1293 2921 1328 2987 in
1352 2943 1463 3010 unum,

613 3025 686 3094 Hoo
707 3036 791 3096 totos
813 3029 943 3118 praesul
966 3030 1088 3120 eogitnt
1109 3029 1166 3098 ille
1188 3029 1266 3098 dies.

497 3157 525 3201 s.
557 3134 630 3203 Hoo
652 3136 714 3205 iter
735 3137 878 3207 ostendit
900 3140 1037 3230 populis,
1060 3150 1108 3208 est
1132 3139 1257 3209 eredita
1278 3163 1416 3230 quorum

612 3246 700 3314 Oura
722 3247 794 3335 sibi,
816 3247 878 3316 hoe
901 3273 978 3316 vero
1000 3272 1043 3317 ex
1066 3250 1217 3338 dogmate
1239 3259 1398 3317 monstret
1419 3250 1489 3318 iter.

560 3353 696 3442 Quoque
719 3357 824 3444 magis
846 3368 943 3444 queat
964 3356 1036 3442 boe,
1059 3356 1108 3423 illi
1131 3357 1262 3425 sobole*t
1283 3379 1387 3447 nuper
1409 3366 1520 3446 aperte
1535 3367 1594 3444 est,

613 3461 706 3541 Quae
728 3463 848 3550 pubem
870 3463 1008 3551 putrium
1032 3486 1097 3529 non
1120 3465 1206 3530 sinet
1227 3487 1299 3531 esee
1321 3463 1445 3550 rudem,

559 3566 734 3634 Postmodo
756 3591 839 3656 quse
862 3569 986 3633 insanis
1009 3569 1113 3656 pulsis
1136 3579 1202 3656 tue,
1225 3570 1367 3636 maxime
1389 3568 1529 3658 praesul,

478 3692 527 3736 ιο.
613 3671 758 3739 Edooeet
779 3673 914 3763 populos
937 3673 1098 3761 dogmate7
1122 3674 1328 3763 dogmatibus
1338 3679 1360 3762 ⁴,

560 3778 775 3870 carmineque
798 3780 923 3849 attollet
945 3805 1080 3849 romane
1101 3782 1223 3871 palatie
1246 3781 1345 3869 eaelo,

614 3887 777 3976 sacroque
799 3889 946 3975 perficiet
968 3888 1095 3955 romule
1118 3888 1187 3954 sols
1210 3889 1283 3956 ooli.

560 3993 696 4058 Artibus
718 3992 770 4058 his
794 3995 850 4081 qui
872 3997 977 4080 puscit
996 4017 1087 4080 ,oves,
1109 3995 1320 4080 Omneovius,
1343 4017 1429 4060 unus

614 4098 722 4162 Verus
744 4137 788 4146 -
811 4099 882 4164 iure
904 4109 994 4186 potos
1017 4097 1127 4165 dinero
1149 4137 1194 4148 -
1216 4109 1327 4187 postor
1348 4097 1404 4165 bio
1426 4107 1486 4164 est.

563 4257 572 4288 ¹
591 4258 671 4309 Motri
689 4272 773 4311 onnes
790 4257 857 4312 huso
873 4274 925 4310 vox
938 4259 990 4311 huo
1003 4259 1200 4326 transponimur
1220 4259 1324 4326 propris
1337 4258 1453 4325 pertinet
1466 4258 1501 4309 sd
1512 4255 1597 4308 verbe

455 4365 525 4414 „non
544 4347 677 4426 deutur.

563 4434 669 4490 ’Corn
691 4435 839 4494 ltu-118.

563 4524 574 4559 ⁸
591 4528 714 4581 boboloni
728 4528 863 4582 studioses
875 4529 1008 4583 toronensi
1021 4529 1183 4582 erudiendae
1193 4529 1371 4583 Cumeorium
1384 4526 1521 4596 apernisse
1533 4526 1596 4579 Inde

454 4622 551 4676 elucet.
573 4620 705 4689 tt'oJ'eIokI
723 4619 847 4691 (brunsii.
867 4637 933 4691 potr.
953 4622 1025 4688 xw,
1047 4619 1108 4693 let)
1131 4621 1230 4676 rubuisse
1255 4637 1316 4676 euru
1341 4625 1446 4674 tuntum
1464 4633 1596 4689 pauperos

454 4716 565 4768 invenes
584 4715 612 4767 in
631 4731 693 4768 eres
712 4714 914 4767 vlnuiusvionsi
932 4717 1023 4767 refert.

562 4805 574 4837 ⁴
592 4808 692 4859 Durius
711 4823 728 4859 n
750 4805 951 4874 „dogmatibus”
971 4806 1136 4859 divelluntur
1160 4805 1238 4857 metri
1263 4819 1347 4857 oense
1371 4801 1456 4855 verbe
1478 4801 1598 4866 „imonis

426 4890 433 4899 '
455 4897 567 4962 pnlsir“.
