4109 5767
534 974 628 1054 Quae
650 990 774 1061 enrpea,
796 972 889 1061 priua
911 972 981 1061 ipae
1004 993 1098 1053 euve;
1121 972 1200 1059 inge
1224 980 1333 1039 eastun
1356 994 1491 1061 umores,

427 1100 499 1146 ate.
534 1079 578 1145 Bt
598 1079 686 1145 mala
707 1077 800 1145 nulla
820 1087 915 1145 tunm
937 1078 1106 1167 contingat
1128 1078 1251 1145 femina
1272 1078 1386 1147 limen:

432 1226 438 1237 ·
534 1186 629 1252 Tune
650 1186 857 1253 ineone'eeeea
879 1183 991 1273 populi
1012 1178 1258 1273 reprehenderis
1281 1185 1374 1273 ignee

534 1290 799 1378 concubitusque
820 1308 931 1377 vagoe.
962 1288 1071 1357 Odisti
1093 1289 1226 1356 turbide
1248 1291 1333 1356 iure:

535 1396 619 1461 Litie
640 1405 818 1463 umaterem
840 1394 956 1462 eohibe
979 1412 1170 1484 semperque
1192 1402 1361 1463 sonantem

534 1502 718 1568 Romanum
739 1499 894 1587 iiberim
917 1510 949 1567 et
971 1502 1043 1567 fore
1065 1500 1177 1568 litibus
1199 1501 1392 1590 importuna,
1413 1539 1458 1551 -
1533 1501 1537 1510 '

431 1627 502 1674 nee.
537 1609 643 1676 [ritem
665 1629 708 1675 ex
729 1606 787 1673 lite
809 1628 919 1674 uerene
941 1607 1047 1695 qualia
1070 1627 1160 1674 nune
1183 1607 1323 1697 plurimu
1346 1607 1469 1675 Romae

534 1714 647 1781 Turba
669 1715 743 1801 enit,
765 1715 885 1781 inatum
907 1714 1055 1803 gaudena
1078 1714 1210 1782 turbare
1232 1715 1382 1804 quietem,

535 1822 663 1890 Onnuta
684 1842 792 1909 ruens,
816 1821 866 1887 fae
889 1822 940 1909 eit,
963 1843 1021 1888 een
1043 1844 1119 1908 non,
1142 1820 1346 1889 anathemate
1369 1821 1490 1889 erebro.

536 1926 644 1996 Surda
666 1927 730 1993 fori
750 1926 857 1994 bonne
880 1950 922 1995 aa
942 1928 1032 1993 mitia
1054 1927 1202 1994 tabulata
1224 1926 1375 1995 sacerdon

534 2034 668 2102 Neeeiat
689 2043 722 2101 et
743 2035 854 2101 tritum
875 2033 969 2100 malit
990 2035 1062 2101 eine
1084 2028 1142 2101 iite
1164 2034 1329 2101 lucernam

431 2163 501 2208 nte.
536 2142 767 2231 Exiguumque
789 2141 892 2208 leram
914 2149 947 2209 et
967 2163 1089 2230 parvae
1111 2140 1177 2209 dno
1199 2142 1313 2231 iugera
1335 2141 1441 2229 villae7

535 2248 644 2331 Quam
665 2248 779 2317 mellea
802 2248 919 2318 Serum
941 2244 1142 2341 chlamyden,
1165 2271 1263 2338 qnam
1285 2258 1372 2317 teuta
1394 2249 1543 2338 superba,

534 2355 674 2423 Praedia
696 2379 794 2445 quam
817 2355 981 2445 quondam
1003 2355 1113 2423 bobue'
1131 2378 1193 2424 nea
1216 2366 1307 2422 erata
1329 2356 1479 2423 dueentia

534 2463 609 2530 Lite
630 2472 740 2531 tenere
762 2463 857 2529 melu
887 2463 971 2530 Litie
993 2463 1087 2531 decet
1109 2486 1180 2531 eene
1200 2472 1370 2551 protervae

535 2570 663 2657 Oeeree3
686 2570 816 2638 adolent
838 2571 936 2637 Divia
959 2571 1016 2659 qui
1038 2580 1112 2637 tura
1134 2570 1283 2636 ministri.

431 2696 502 2741 neo.
625 2676 781 2743 Vivende
798 2677 917 2743 doeeee
938 2675 1075 2765 populos
1097 2677 1281 2765 pariterque
1303 2676 1472 2741 monendo.

536 2781 658 2847 Sancta
679 2782 795 2848 down
813 2780 917 2848 faeiat
936 2804 1064 2869 quoque
1080 2791 1202 2848 eaneta
1225 2779 1316 2861 Quid'
1329 2778 1459 2845 aethera
1473 2779 1568 2845 nobie

536 2886 688 2954 Ostendit
709 2886 812 2973 digito
834 2888 934 2954 miaer
955 2896 988 2953 et
1009 2886 1092 2974 ped'e
1115 2885 1223 2974 puleut
1245 2902 1403 2951 avernum

536 2993 704 3060 Antiates?
725 2989 827 3060 Vivet
849 3004 950 3078 reete3
973 3017 1039 3061 non
1062 2994 1199 3060 erimine
1220 3001 1358 3079 tantum,

537 3100 728 3188 Suapieiene
750 3099 825 3168 voiu
847 3105 957 3167 nerent
979 3123 1107 3190 quoque
1130 3100 1276 3167 erimiuie
1298 3099 1386 3171 onmi

432 3226 503 3271 eeu.
536 3206 598 3273 Ille
620 3207 717 3273 datm
738 3207 866 3296 populo5
888 3209 982 3273 vitee‘
998 3208 1058 3295 qui·
1078 3207 1192 3273 doetor
1212 3206 1366 3294 heueetae

537 3312 619 3379 Euae
641 3321 729 3378 amat
751 3323 784 3379 et
805 3313 907 3379 vitam
929 3312 1065 3402 popul'oe
1087 3310 1229 3378 vivend'u
1252 3310 1378 3377 donare

537 3418 616 3483 Vite
637 3418 752 3507 mugla,
774 3442 873 3507 quum
894 3418 1018 3506 lingua,
1041 3418 1148 3501 doeet3
1172 3422 1249 3483 eunt’
1270 3417 1363 3482 irrita
1384 3415 1493 3503 verba,

537 3524 626 3592 Cum*
643 3546 710 3590 uun
732 3524 915 3591 duetrinam
937 3526 1110 3591 comitatur
1132 3525 1201 3591 vita
1223 3524 1377 3590 deeentie.

536 3631 688 3698 Antiates¹
704 3632 802 3698 vivat
816 3650 937 3721 mn'gna
959 3630 1202 3720 inreprehensus
1226 3632 1260 3697 in
1284 3628 1373 3718 urbe7

434 3761 503 3806 nuo.
538 3738 676 3806 Inelitue
699 3739 867 3806 admonuit
890 3739 998 3807 clarae
1021 3740 1070 3807 aie
1094 3739 1202 3807 ineol'u
1225 3738 1328 3825 Terei,

537 3846 592 3913 nd
613 3869 770 3936 magnum
792 3847 958 3935 quondum
979 3866 1046 3913 nou
1069 3848 1193 3914 frustra
1213 3852 1326 3936 ruptus
1349 3844 1537 3935 Olympum.

537 3955 692 4041 Antiates,
714 3987 759 4003 -u
781 3978 847 4021 non
869 3954 951 4022 haee
973 3954 1052 4020 leue
1070 3953 1193 4041 ultima,
1215 3994 1260 4004 —
1283 3951 1417 4020 sobrius*
1433 3962 1511 4039 etto,

537 4061 611 4128 Non
632 4061 777 4148 mnuenu
799 4071 948 4149 ametque
969 4060 1086 4128 brevie
1101 4061 1296 4128 eemmerein
1318 4078 1455 4126 menuae·

538 4168 733 4255 Exiguoque
755 4167 855 4256 depes
876 4167 970 4234 venie
992 4168 1211 4235 transmittere
1233 4163 1367 4253 bacche
1514 4162 1520 4172 '

433 4296 504 4342 ute.
537 4275 611 4342 Non
633 4274 736 4341 multu
758 4273 905 4342 euluieue·
919 4296 1018 4361 mere,
1041 4295 1111 4341 non·
1129 4290 1262 4365 surgere
1284 4292 1398 4340 menen

538 4383 647 4450 Mente
668 4383 748 4469 aine,
768 4392 801 4449 et
823 4382 930 4450 eulialo
952 4381 1056 4448 multu
1078 4384 1206 4450 effutire
1229 4380 1369 4466 nembro3
1467 4398 1470 4405 ’

539 4488 633 4570 Quae
653 4488 783 4555 dirime·
799 4498 904 4577 neget,
926 4489 1032 4578 primo
1055 4504 1136 4556 eum·
1155 4496 1267 4577 surget
1288 4488 1366 4572 Isiou

537 4595 607 4661 Nee
630 4593 757 4662 dubitet
779 4596 929 4683 rogitare,
952 4595 1022 4661 dieu
1046 4616 1122 4661 eum
1145 4604 1274 4683 postera
1294 4592 1389 4678 luxit,

537 4700 643 4768 Multa
664 4700 719 4767 die
741 4722 839 4789 nuper
860 4700 1020 4785 hesterna,
1044 4722 1128 4787 quae
1149 4700 1279 4765 neaeine
1302 4698 1386 4785 egit«

433 4828 505 4875 nee.
537 4804 725 4874 Pulueritne
746 4828 803 4873 ore
825 4817 882 4872 aut
904 4828 1107 4895 quemquam·
1122 4804 1302 4893 obiurgauit
1324 4818 1443 4868 amaru

537 4921 651 4963 cami-u
671 4922 698 4962 r.
711 4922 730 4963 ι.
1431 4908 1466 4963 10
