<?xml version="1.0" encoding="UTF-8"?>
<!DOCTYPE html PUBLIC "-//W3C//DTD XHTML 1.0 Transitional//EN"
    "http://www.w3.org/TR/xhtml1/DTD/xhtml1-transitional.dtd">
<html xmlns="http://www.w3.org/1999/xhtml" xml:lang="en" lang="en">
 <head>
  <title>
</title>
<meta http-equiv="Content-Type" content="text/html;charset=utf-8" />
  <meta name='ocr-system' content='tesseract 3.04.00' />
  <meta name='ocr-capabilities' content='ocr_page ocr_carea ocr_par ocr_line ocrx_word'/>
</head>
<body>
  <div class='ocr_page' id='page_1' title='image "./petriroyziimaur00morogoog_0020.png"; bbox 0 0 4109 5767; ppageno 0'>
   <div class='ocr_carea' id='block_1_1' title="bbox 946 807 1596 857">
    <p class='ocr_par' dir='ltr' id='par_1_1' title="bbox 946 807 1596 857">
     <span class='ocr_line' id='line_1_1' title="bbox 946 807 1596 857; baseline 0.006 -6"><span class='ocrx_word' id='word_1_1' title='bbox 946 820 1103 854; x_wconf 74' lang='lat' dir='ltr'><strong>ruamrro.</strong></span> <span class='ocrx_word' id='word_1_2' title='bbox 1493 807 1596 857; x_wconf 79' lang='lat' dir='ltr'><strong>xxt&#39;tt</strong></span> 
     </span>
    </p>
   </div>
   <div class='ocr_carea' id='block_1_2' title="bbox 451 1009 1599 4945">
    <p class='ocr_par' dir='ltr' id='par_1_2' title="bbox 451 1009 1599 4945">
     <span class='ocr_line' id='line_1_2' title="bbox 453 1009 1598 1101; baseline 0.003 -28"><span class='ocrx_word' id='word_1_3' title='bbox 453 1010 487 1075; x_wconf 90' lang='lat' dir='ltr'><strong>in</strong></span> <span class='ocrx_word' id='word_1_4' title='bbox 511 1009 702 1076; x_wconf 73' lang='lat' dir='ltr'><strong>deteriorem</strong></span> <span class='ocrx_word' id='word_1_5' title='bbox 727 1020 852 1075; x_wconf 78' lang='lat' dir='ltr'><strong>ruuuitu</strong></span> <span class='ocrx_word' id='word_1_6' title='bbox 875 1011 925 1075; x_wconf 89' lang='lat' dir='ltr'><strong>sit.</strong></span> <span class='ocrx_word' id='word_1_7' title='bbox 965 1010 1002 1075; x_wconf 90' lang='lat' dir='ltr'><strong>ln</strong></span> <span class='ocrx_word' id='word_1_8' title='bbox 1027 1010 1078 1074; x_wconf 82' lang='lat' dir='ltr'><strong>liis</strong></span> <span class='ocrx_word' id='word_1_9' title='bbox 1101 1010 1262 1095; x_wconf 78' lang='lat' dir='ltr'><strong>angustiis</strong></span> <span class='ocrx_word' id='word_1_10' title='bbox 1284 1010 1444 1077; x_wconf 77' lang='lat' dir='ltr'><strong>laboranti</strong></span> <span class='ocrx_word' id='word_1_11' title='bbox 1473 1012 1598 1101; x_wconf 77' lang='lat' dir='ltr'><strong>lloyaio</strong></span> 
     </span>
     <span class='ocr_line' id='line_1_3' title="bbox 454 1115 1598 1206; baseline 0.002 -25"><span class='ocrx_word' id='word_1_12' title='bbox 454 1115 607 1183; x_wconf 79' lang='lat' dir='ltr'>subvenit</span> <span class='ocrx_word' id='word_1_13' title='bbox 630 1118 768 1182; x_wconf 87' lang='lat' dir='ltr'><strong>loannes</strong></span> <span class='ocrx_word' id='word_1_14' title='bbox 789 1116 932 1203; x_wconf 77' lang='lat' dir='ltr'><strong>Langon,</strong></span> <span class='ocrx_word' id='word_1_15' title='bbox 956 1116 1116 1183; x_wconf 89' lang='lat' dir='ltr'><strong>lllnccovii</strong></span> <span class='ocrx_word' id='word_1_16' title='bbox 1137 1117 1304 1206; x_wconf 72' lang='lat' dir='ltr'>ipsiusque</span> <span class='ocrx_word' id='word_1_17' title='bbox 1319 1118 1501 1184; x_wconf 87' lang='lat' dir='ltr'><strong>eommunis</strong></span> <span class='ocrx_word' id='word_1_18' title='bbox 1516 1119 1598 1183; x_wconf 86' lang='lat' dir='ltr'><strong>arni·</strong></span> 
     </span>
     <span class='ocr_line' id='line_1_4' title="bbox 454 1225 1597 1315; baseline 0.002 -25"><span class='ocrx_word' id='word_1_19' title='bbox 454 1248 521 1311; x_wconf 89' lang='lat' dir='ltr'><strong>cua,</strong></span> <span class='ocrx_word' id='word_1_20' title='bbox 546 1249 611 1313; x_wconf 88' lang='lat' dir='ltr'><strong>quo</strong></span> <span class='ocrx_word' id='word_1_21' title='bbox 634 1238 767 1292; x_wconf 78' lang='lat' dir='ltr'><strong>aucune</strong></span> <span class='ocrx_word' id='word_1_22' title='bbox 790 1237 885 1315; x_wconf 88' lang='lat' dir='ltr'><strong>poeta</strong></span> <span class='ocrx_word' id='word_1_23' title='bbox 908 1237 1025 1311; x_wconf 86' lang='lat' dir='ltr'><strong>noster,</strong></span> <span class='ocrx_word' id='word_1_24' title='bbox 1057 1248 1132 1293; x_wconf 88' lang='lat' dir='ltr'><strong>cum</strong></span> <span class='ocrx_word' id='word_1_25' title='bbox 1156 1250 1176 1291; x_wconf 91' lang='lat' dir='ltr'><strong>a</strong></span> <span class='ocrx_word' id='word_1_26' title='bbox 1199 1225 1408 1293; x_wconf 80' lang='lat' dir='ltr'><strong>Ferdinando</strong></span> <span class='ocrx_word' id='word_1_27' title='bbox 1431 1227 1447 1293; x_wconf 91' lang='lat'>1</span> <span class='ocrx_word' id='word_1_28' title='bbox 1471 1226 1597 1292; x_wconf 89' lang='lat' dir='ltr'><strong>Vindo-</strong></span> 
     </span>
     <span class='ocr_line' id='line_1_5' title="bbox 454 1331 1597 1423; baseline 0.003 -26"><span class='ocrx_word' id='word_1_29' title='bbox 454 1331 572 1399; x_wconf 88' lang='lat' dir='ltr'><strong>bonaor</strong></span> <span class='ocrx_word' id='word_1_30' title='bbox 603 1332 644 1397; x_wconf 91' lang='lat' dir='ltr'><strong>ad</strong></span> <span class='ocrx_word' id='word_1_31' title='bbox 676 1332 869 1423; x_wconf 82' lang='lat' dir='ltr'><strong>professoris</strong></span> <span class='ocrx_word' id='word_1_32' title='bbox 901 1334 982 1398; x_wconf 85' lang='lat' dir='ltr'><strong>iuris</strong></span> <span class='ocrx_word' id='word_1_33' title='bbox 1013 1356 1132 1398; x_wconf 85' lang='lat' dir='ltr'><strong>munus</strong></span> <span class='ocrx_word' id='word_1_34' title='bbox 1163 1331 1407 1423; x_wconf 89' lang='lat' dir='ltr'><strong>suscipiendum</strong></span> <span class='ocrx_word' id='word_1_35' title='bbox 1438 1334 1597 1400; x_wconf 81' lang='lat' dir='ltr'><strong>invitatus</strong></span> 
     </span>
     <span class='ocr_line' id='line_1_6' title="bbox 453 1438 1597 1529; baseline 0.001 -26"><span class='ocrx_word' id='word_1_36' title='bbox 453 1451 551 1523; x_wconf 89' lang='lat' dir='ltr'><strong>esset,</strong></span> <span class='ocrx_word' id='word_1_37' title='bbox 582 1461 602 1504; x_wconf 90' lang='lat' dir='ltr'><strong>a</strong></span> <span class='ocrx_word' id='word_1_38' title='bbox 625 1440 835 1528; x_wconf 80' lang='lat' dir='ltr'><strong>Sigismundo</strong></span> <span class='ocrx_word' id='word_1_39' title='bbox 857 1440 1007 1527; x_wconf 84' lang='lat' dir='ltr'><strong>Augusto</strong></span> <span class='ocrx_word' id='word_1_40' title='bbox 1031 1440 1251 1529; x_wconf 75' lang='lat' dir='ltr'><strong>splendidiore</strong></span> <span class='ocrx_word' id='word_1_41' title='bbox 1273 1439 1464 1507; x_wconf 90' lang='lat' dir='ltr'><strong>condicione</strong></span> <span class='ocrx_word' id='word_1_42' title='bbox 1487 1438 1597 1507; x_wconf 86' lang='lat' dir='ltr'><strong>oblata</strong></span> 
     </span>
     <span class='ocr_line' id='line_1_7' title="bbox 454 1546 1597 1637; baseline -0.001 -24"><span class='ocrx_word' id='word_1_43' title='bbox 454 1556 598 1619; x_wconf 86' lang='lat' dir='ltr'><strong>retentus</strong></span> <span class='ocrx_word' id='word_1_44' title='bbox 621 1557 677 1614; x_wconf 79' lang='lat' dir='ltr'><strong>osu</strong></span> <span class='ocrx_word' id='word_1_45' title='bbox 700 1549 802 1617; x_wconf 85' lang='lat' dir='ltr'><strong>Ouios</strong></span> <span class='ocrx_word' id='word_1_46' title='bbox 825 1546 1026 1614; x_wconf 82' lang='lat' dir='ltr'><strong>condicionis</strong></span> <span class='ocrx_word' id='word_1_47' title='bbox 1049 1548 1180 1637; x_wconf 79' lang='lat' dir='ltr'><strong>singula</strong></span> <span class='ocrx_word' id='word_1_48' title='bbox 1201 1560 1353 1615; x_wconf 88' lang='lat' dir='ltr'><strong>accurate</strong></span> <span class='ocrx_word' id='word_1_49' title='bbox 1374 1571 1437 1614; x_wconf 91' lang='lat' dir='ltr'><strong>non</strong></span> <span class='ocrx_word' id='word_1_50' title='bbox 1454 1547 1597 1636; x_wconf 91' lang='lat' dir='ltr'><strong>produn·</strong></span> 
     </span>
     <span class='ocr_line' id='line_1_8' title="bbox 453 1656 1596 1745; baseline 0.001 -25"><span class='ocrx_word' id='word_1_51' title='bbox 453 1665 515 1741; x_wconf 87' lang='lat' dir='ltr'><strong>tur,</strong></span> <span class='ocrx_word' id='word_1_52' title='bbox 538 1667 663 1723; x_wconf 87' lang='lat' dir='ltr'><strong>eertum</strong></span> <span class='ocrx_word' id='word_1_53' title='bbox 686 1668 794 1723; x_wconf 77' lang='lat' dir='ltr'><strong>tannen</strong></span> <span class='ocrx_word' id='word_1_54' title='bbox 818 1680 889 1723; x_wconf 88' lang='lat' dir='ltr'><strong>esse</strong></span> <span class='ocrx_word' id='word_1_55' title='bbox 912 1657 1043 1723; x_wconf 87' lang='lat' dir='ltr'><strong>videtur</strong></span> <span class='ocrx_word' id='word_1_56' title='bbox 1064 1681 1139 1724; x_wconf 88' lang='lat' dir='ltr'><strong>cum</strong></span> <span class='ocrx_word' id='word_1_57' title='bbox 1160 1670 1228 1723; x_wconf 88' lang='lat' dir='ltr'><strong>tom</strong></span> <span class='ocrx_word' id='word_1_58' title='bbox 1245 1657 1386 1745; x_wconf 85' lang='lat' dir='ltr'><strong>primurn</strong></span> <span class='ocrx_word' id='word_1_59' title='bbox 1402 1656 1596 1743; x_wconf 77' lang='lat' dir='ltr'><strong>professoris</strong></span> 
     </span>
     <span class='ocr_line' id='line_1_9' title="bbox 453 1764 1597 1853; baseline 0.003 -25"><span class='ocrx_word' id='word_1_60' title='bbox 453 1786 587 1832; x_wconf 88' lang='lat' dir='ltr'><strong>munere</strong></span> <span class='ocrx_word' id='word_1_61' title='bbox 611 1764 761 1849; x_wconf 87' lang='lat' dir='ltr'><strong>solutum,</strong></span> <span class='ocrx_word' id='word_1_62' title='bbox 785 1765 934 1832; x_wconf 86' lang='lat' dir='ltr'><strong>mercede</strong></span> <span class='ocrx_word' id='word_1_63' title='bbox 957 1788 1076 1851; x_wconf 90' lang='lat' dir='ltr'><strong>annun,</strong></span> <span class='ocrx_word' id='word_1_64' title='bbox 1098 1788 1195 1853; x_wconf 86' lang='lat' dir='ltr'><strong>quarn</strong></span> <span class='ocrx_word' id='word_1_65' title='bbox 1218 1776 1293 1831; x_wconf 85' lang='lat' dir='ltr'><strong>anta</strong></span> <span class='ocrx_word' id='word_1_66' title='bbox 1316 1764 1509 1843; x_wconf 73' lang='lat' dir='ltr'><strong>obtinuerat,</strong></span> <span class='ocrx_word' id='word_1_67' title='bbox 1539 1774 1597 1831; x_wconf 87' lang='lat' dir='ltr'><strong>aut</strong></span> 
     </span>
     <span class='ocr_line' id='line_1_10' title="bbox 452 1868 1593 1957; baseline 0 -24"><span class='ocrx_word' id='word_1_68' title='bbox 452 1868 545 1934; x_wconf 86' lang='lat' dir='ltr'><strong>salva</strong></span> <span class='ocrx_word' id='word_1_69' title='bbox 567 1881 624 1934; x_wconf 83' lang='lat' dir='ltr'><strong>aut</strong></span> <span class='ocrx_word' id='word_1_70' title='bbox 646 1871 743 1935; x_wconf 84' lang='lat' dir='ltr'><strong>etiarn</strong></span> <span class='ocrx_word' id='word_1_71' title='bbox 766 1882 863 1935; x_wconf 85' lang='lat' dir='ltr'><strong>aucta</strong></span> <span class='ocrx_word' id='word_1_72' title='bbox 893 1872 1144 1957; x_wconf 63' lang='lat' dir='ltr'><strong>quingentis‘pue</strong></span> <span class='ocrx_word' id='word_1_73' title='bbox 1173 1870 1303 1935; x_wconf 89' lang='lat' dir='ltr'><strong>florenis</strong></span> <span class='ocrx_word' id='word_1_74' title='bbox 1333 1871 1593 1957; x_wconf 83' lang='lat' dir='ltr'><strong>circumscripta,</strong></span> 
     </span>
     <span class='ocr_line' id='line_1_11' title="bbox 453 1973 1596 2061; baseline 0 -24"><span class='ocrx_word' id='word_1_75' title='bbox 453 1984 556 2038; x_wconf 89' lang='lat' dir='ltr'><strong>totum</strong></span> <span class='ocrx_word' id='word_1_76' title='bbox 578 1973 622 2039; x_wconf 91' lang='lat' dir='ltr'><strong>ad</strong></span> <span class='ocrx_word' id='word_1_77' title='bbox 644 1975 755 2039; x_wconf 89' lang='lat' dir='ltr'><strong>curiae</strong></span> <span class='ocrx_word' id='word_1_78' title='bbox 778 1974 888 2039; x_wconf 84' lang='lat' dir='ltr'><strong>officia</strong></span> <span class='ocrx_word' id='word_1_79' title='bbox 910 1974 1070 2059; x_wconf 87' lang='lat' dir='ltr'><strong>obeunda,</strong></span> <span class='ocrx_word' id='word_1_80' title='bbox 1092 1975 1269 2040; x_wconf 86' lang='lat' dir='ltr'><strong>consiliarii</strong></span> <span class='ocrx_word' id='word_1_81' title='bbox 1295 1976 1385 2061; x_wconf 87' lang='lat' dir='ltr'><strong>regii,</strong></span> <span class='ocrx_word' id='word_1_82' title='bbox 1408 1976 1531 2061; x_wconf 88' lang='lat' dir='ltr'><strong>opinor,</strong></span> <span class='ocrx_word' id='word_1_83' title='bbox 1554 1974 1596 2038; x_wconf 87' lang='lat' dir='ltr'><strong>ti·</strong></span> 
     </span>
     <span class='ocr_line' id='line_1_12' title="bbox 452 2075 1595 2167; baseline 0 -26"><span class='ocrx_word' id='word_1_84' title='bbox 452 2075 521 2142; x_wconf 88' lang='lat' dir='ltr'><strong>tulo</strong></span> <span class='ocrx_word' id='word_1_85' title='bbox 543 2090 736 2143; x_wconf 88' lang='lat' dir='ltr'><strong>exornatum</strong></span> <span class='ocrx_word' id='word_1_86' title='bbox 759 2080 938 2163; x_wconf 74' lang='lat' dir='ltr'><strong>transiisse,</strong></span> <span class='ocrx_word' id='word_1_87' title='bbox 961 2102 1064 2165; x_wconf 90' lang='lat' dir='ltr'><strong>neque</strong></span> <span class='ocrx_word' id='word_1_88' title='bbox 1086 2080 1179 2145; x_wconf 86' lang='lat' dir='ltr'><strong>abest</strong></span> <span class='ocrx_word' id='word_1_89' title='bbox 1200 2081 1352 2167; x_wconf 89' lang='lat' dir='ltr'><strong>suspicio,</strong></span> <span class='ocrx_word' id='word_1_90' title='bbox 1374 2080 1452 2165; x_wconf 91' lang='lat' dir='ltr'><strong>quin</strong></span> <span class='ocrx_word' id='word_1_91' title='bbox 1477 2080 1506 2143; x_wconf 91' lang='lat' dir='ltr'><strong>ei</strong></span> <span class='ocrx_word' id='word_1_92' title='bbox 1529 2080 1595 2142; x_wconf 87' lang='lat' dir='ltr'><strong>iam</strong></span> 
     </span>
     <span class='ocr_line' id='line_1_13' title="bbox 452 2182 1596 2271; baseline 0.001 -25"><span class='ocrx_word' id='word_1_93' title='bbox 452 2193 521 2247; x_wconf 82' lang='lat' dir='ltr'><strong>tuni</strong></span> <span class='ocrx_word' id='word_1_94' title='bbox 553 2184 702 2249; x_wconf 81' lang='lat' dir='ltr'><strong>beneficii</strong></span> <span class='ocrx_word' id='word_1_95' title='bbox 733 2182 946 2250; x_wconf 87' lang='lat' dir='ltr'><strong>ecclesiastici</strong></span> <span class='ocrx_word' id='word_1_96' title='bbox 977 2186 1011 2249; x_wconf 90' lang='lat' dir='ltr'><strong>in</strong></span> <span class='ocrx_word' id='word_1_97' title='bbox 1043 2186 1221 2271; x_wconf 85' lang='lat' dir='ltr'><strong>Sarnogitia</strong></span> <span class='ocrx_word' id='word_1_98' title='bbox 1251 2183 1418 2250; x_wconf 89' lang='lat' dir='ltr'><strong>obtinendi</strong></span> <span class='ocrx_word' id='word_1_99' title='bbox 1448 2206 1522 2271; x_wconf 88' lang='lat' dir='ltr'><strong>spes</strong></span> <span class='ocrx_word' id='word_1_100' title='bbox 1553 2184 1596 2247; x_wconf 87' lang='lat' dir='ltr'><strong>sit</strong></span> 
     </span>
     <span class='ocr_line' id='line_1_14' title="bbox 452 2287 1596 2379; baseline 0.002 -26"><span class='ocrx_word' id='word_1_101' title='bbox 452 2287 570 2355; x_wconf 85' lang='lat' dir='ltr'><strong>oblatu.</strong></span> <span class='ocrx_word' id='word_1_102' title='bbox 605 2292 712 2377; x_wconf 87' lang='lat' dir='ltr'><strong>Atque</strong></span> <span class='ocrx_word' id='word_1_103' title='bbox 735 2290 799 2355; x_wconf 87' lang='lat' dir='ltr'><strong>iarn</strong></span> <span class='ocrx_word' id='word_1_104' title='bbox 823 2313 851 2357; x_wconf 89' lang='lat' dir='ltr'><strong>a.</strong></span> <span class='ocrx_word' id='word_1_105' title='bbox 878 2291 963 2356; x_wconf 83' lang='grc'><strong>1549</strong></span> <span class='ocrx_word' id='word_1_106' title='bbox 987 2314 1061 2356; x_wconf 88' lang='lat' dir='ltr'><strong>cum</strong></span> <span class='ocrx_word' id='word_1_107' title='bbox 1084 2292 1303 2379; x_wconf 88' lang='lat' dir='ltr'><strong>praepositum</strong></span> <span class='ocrx_word' id='word_1_108' title='bbox 1326 2289 1515 2356; x_wconf 77' lang='lat' dir='ltr'><strong>krodcnsern</strong></span> <span class='ocrx_word' id='word_1_109' title='bbox 1540 2312 1596 2355; x_wconf 90' lang='lat' dir='ltr'><strong>ca-</strong></span> 
     </span>
     <span class='ocr_line' id='line_1_15' title="bbox 451 2394 1595 2483; baseline 0.002 -24"><span class='ocrx_word' id='word_1_110' title='bbox 451 2397 669 2483; x_wconf 89' lang='lat' dir='ltr'><strong>nonicumque</strong></span> <span class='ocrx_word' id='word_1_111' title='bbox 692 2396 932 2463; x_wconf 86' lang='lat' dir='ltr'><strong>medaiccnsern</strong></span> <span class='ocrx_word' id='word_1_112' title='bbox 957 2396 1082 2463; x_wconf 85' lang='lat' dir='ltr'><strong>factum</strong></span> <span class='ocrx_word' id='word_1_113' title='bbox 1104 2420 1175 2463; x_wconf 89' lang='lat' dir='ltr'><strong>esse</strong></span> <span class='ocrx_word' id='word_1_114' title='bbox 1198 2396 1465 2462; x_wconf 86' lang='lat' dir='ltr'><strong>commemoravit</strong></span> <span class='ocrx_word' id='word_1_115' title='bbox 1482 2394 1595 2463; x_wconf 83' lang='lat' dir='ltr'><strong>Subie-</strong></span> 
     </span>
     <span class='ocr_line' id='line_1_16' title="bbox 452 2500 1596 2591; baseline -0.003 -24"><span class='ocrx_word' id='word_1_116' title='bbox 452 2501 621 2567; x_wconf 68' lang='lat' dir='ltr'><strong>secunduli</strong></span> <span class='ocrx_word' id='word_1_117' title='bbox 647 2502 679 2566; x_wconf 91' lang='lat' dir='ltr'><strong>in</strong></span> <span class='ocrx_word' id='word_1_118' title='bbox 703 2501 788 2567; x_wconf 91' lang='lat' dir='ltr'><strong>libro</strong></span> <span class='ocrx_word' id='word_1_119' title='bbox 811 2526 840 2589; x_wconf 89' lang='lat' dir='ltr'><strong>q.</strong></span> <span class='ocrx_word' id='word_1_120' title='bbox 863 2502 883 2565; x_wconf 94' lang='lat' dir='ltr'><strong>i.</strong></span> <span class='ocrx_word' id='word_1_121' title='bbox 907 2500 1171 2591; x_wconf 82' lang='lat' dir='ltr'><strong>Encyklopcdya</strong></span> <span class='ocrx_word' id='word_1_122' title='bbox 1188 2500 1402 2590; x_wconf 80' lang='lat' dir='ltr'><strong>powsaechna</strong></span> <span class='ocrx_word' id='word_1_123' title='bbox 1417 2506 1455 2581; x_wconf 88' lang='lat' dir='ltr'><strong>(s.</strong></span> <span class='ocrx_word' id='word_1_124' title='bbox 1473 2525 1503 2565; x_wconf 83' lang='lat' dir='ltr'><strong>v.</strong></span> <span class='ocrx_word' id='word_1_125' title='bbox 1518 2500 1596 2567; x_wconf 81' lang='lat' dir='ltr'><strong>uoi-</strong></span> 
     </span>
     <span class='ocr_line' id='line_1_17' title="bbox 452 2607 1596 2694; baseline 0 -21"><span class='ocrx_word' id='word_1_126' title='bbox 452 2608 544 2692; x_wconf 80' lang='lat' dir='ltr'><strong>aius),</strong></span> <span class='ocrx_word' id='word_1_127' title='bbox 569 2608 655 2674; x_wconf 91' lang='lat' dir='ltr'><strong>unde</strong></span> <span class='ocrx_word' id='word_1_128' title='bbox 678 2620 785 2675; x_wconf 86' lang='lat' dir='ltr'><strong>tamen</strong></span> <span class='ocrx_word' id='word_1_129' title='bbox 809 2607 964 2674; x_wconf 84' lang='lat' dir='ltr'><strong>traditum</strong></span> <span class='ocrx_word' id='word_1_130' title='bbox 987 2608 1051 2675; x_wconf 90' lang='lat' dir='ltr'><strong>hoc</strong></span> <span class='ocrx_word' id='word_1_131' title='bbox 1072 2608 1226 2694; x_wconf 76' lang='lat' dir='ltr'><strong>hauserit,</strong></span> <span class='ocrx_word' id='word_1_132' title='bbox 1248 2632 1313 2674; x_wconf 89' lang='lat' dir='ltr'><strong>non</strong></span> <span class='ocrx_word' id='word_1_133' title='bbox 1336 2607 1513 2673; x_wconf 86' lang='lat' dir='ltr'><strong>adnotavit.</strong></span> <span class='ocrx_word' id='word_1_134' title='bbox 1543 2608 1596 2673; x_wconf 86' lang='lat' dir='ltr'><strong>De</strong></span> 
     </span>
     <span class='ocr_line' id='line_1_18' title="bbox 452 2714 1596 2805; baseline -0.003 -25"><span class='ocrx_word' id='word_1_135' title='bbox 452 2736 538 2780; x_wconf 87' lang='lat' dir='ltr'><strong>anno</strong></span> <span class='ocrx_word' id='word_1_136' title='bbox 553 2714 684 2803; x_wconf 88' lang='lat' dir='ltr'><strong>quidem</strong></span> <span class='ocrx_word' id='word_1_137' title='bbox 701 2716 772 2781; x_wconf 90' lang='lat' dir='ltr'><strong>iure</strong></span> <span class='ocrx_word' id='word_1_138' title='bbox 787 2714 929 2783; x_wconf 74' lang='lat' dir='ltr'><strong>ululiitari</strong></span> <span class='ocrx_word' id='word_1_139' title='bbox 947 2727 1064 2805; x_wconf 85' lang='lat' dir='ltr'><strong>potest,</strong></span> <span class='ocrx_word' id='word_1_140' title='bbox 1079 2716 1233 2804; x_wconf 87' lang='lat' dir='ltr'><strong>quonium</strong></span> <span class='ocrx_word' id='word_1_141' title='bbox 1249 2717 1283 2781; x_wconf 93' lang='lat' dir='ltr'><strong>in</strong></span> <span class='ocrx_word' id='word_1_142' title='bbox 1300 2715 1399 2803; x_wconf 81' lang='lat' dir='ltr'><strong>regiis</strong></span> <span class='ocrx_word' id='word_1_143' title='bbox 1415 2714 1456 2780; x_wconf 90' lang='lat' dir='ltr'><strong>do</strong></span> <span class='ocrx_word' id='word_1_144' title='bbox 1471 2714 1596 2804; x_wconf 81' lang='lat' dir='ltr'><strong>Iloyzio</strong></span> 
     </span>
     <span class='ocr_line' id='line_1_19' title="bbox 453 2807 1596 2909; baseline 0.001 -22"><span class='ocrx_word' id='word_1_145' title='bbox 453 2820 603 2909; x_wconf 78' lang='lat' dir='ltr'><strong>decretis,</strong></span> <span class='ocrx_word' id='word_1_146' title='bbox 626 2846 656 2889; x_wconf 88' lang='lat' dir='ltr'><strong>a.</strong></span> <span class='ocrx_word' id='word_1_147' title='bbox 680 2824 767 2891; x_wconf 86' lang='grc'><strong>1550</strong></span> <span class='ocrx_word' id='word_1_148' title='bbox 789 2833 822 2889; x_wconf 88' lang='lat' dir='ltr'><strong>ct</strong></span> <span class='ocrx_word' id='word_1_149' title='bbox 847 2826 933 2891; x_wconf 86' lang='grc'><strong>1559</strong></span> <span class='ocrx_word' id='word_1_150' title='bbox 960 2824 1088 2891; x_wconf 87' lang='lat' dir='ltr'><strong>emissis</strong></span> <span class='ocrx_word' id='word_1_151' title='bbox 1117 2807 1219 2908; x_wconf 57' lang='lat' dir='ltr'><strong>(mstis</strong></span> <span class='ocrx_word' id='word_1_152' title='bbox 1236 2822 1331 2890; x_wconf 87' lang='lat' dir='ltr'><strong>ossol.</strong></span> <span class='ocrx_word' id='word_1_153' title='bbox 1353 2822 1431 2889; x_wconf 88' lang='lat' dir='ltr'><strong>bibl.</strong></span> <span class='ocrx_word' id='word_1_154' title='bbox 1457 2822 1529 2908; x_wconf 86' lang='lat'><strong>180,</strong></span> <span class='ocrx_word' id='word_1_155' title='bbox 1552 2821 1596 2888; x_wconf 87' lang='grc'><strong>60</strong></span> 
     </span>
     <span class='ocr_line' id='line_1_20' title="bbox 452 2930 1596 3021; baseline 0 -24"><span class='ocrx_word' id='word_1_156' title='bbox 452 2942 484 2997; x_wconf 88' lang='lat' dir='ltr'><strong>ct</strong></span> <span class='ocrx_word' id='word_1_157' title='bbox 511 2934 594 3019; x_wconf 82' lang='grc'><strong>106),</strong></span> <span class='ocrx_word' id='word_1_158' title='bbox 626 2933 727 3021; x_wconf 87' lang='lat' dir='ltr'><strong>ipsius</strong></span> <span class='ocrx_word' id='word_1_159' title='bbox 758 2956 873 3001; x_wconf 86' lang='lat' dir='ltr'><strong>nomeu</strong></span> <span class='ocrx_word' id='word_1_160' title='bbox 899 2944 988 3000; x_wconf 87' lang='lat' dir='ltr'><strong>earet</strong></span> <span class='ocrx_word' id='word_1_161' title='bbox 1011 2932 1115 2999; x_wconf 87' lang='lat' dir='ltr'><strong>titulis</strong></span> <span class='ocrx_word' id='word_1_162' title='bbox 1138 2931 1378 3001; x_wconf 76' lang='lat' dir='ltr'><strong>ecclruiasticis.</strong></span> <span class='ocrx_word' id='word_1_163' title='bbox 1407 2930 1446 2999; x_wconf 92' lang='lat' dir='ltr'><strong>Id</strong></span> <span class='ocrx_word' id='word_1_164' title='bbox 1468 2952 1596 3021; x_wconf 68' lang='lat' dir='ltr'><strong>qoopue</strong></span> 
     </span>
     <span class='ocr_line' id='line_1_21' title="bbox 453 3040 1592 3129; baseline 0.002 -25"><span class='ocrx_word' id='word_1_165' title='bbox 453 3040 562 3105; x_wconf 83' lang='lat' dir='ltr'><strong>multis</strong></span> <span class='ocrx_word' id='word_1_166' title='bbox 585 3042 766 3108; x_wconf 87' lang='lat' dir='ltr'><strong>rationibus</strong></span> <span class='ocrx_word' id='word_1_167' title='bbox 789 3042 880 3107; x_wconf 81' lang='lat' dir='ltr'><strong>nisus</strong></span> <span class='ocrx_word' id='word_1_168' title='bbox 903 3064 962 3129; x_wconf 92' lang='lat' dir='ltr'><strong>pro</strong></span> <span class='ocrx_word' id='word_1_169' title='bbox 985 3054 1074 3108; x_wconf 87' lang='lat' dir='ltr'><strong>certo</strong></span> <span class='ocrx_word' id='word_1_170' title='bbox 1099 3042 1331 3109; x_wconf 86' lang='lat' dir='ltr'><strong>nlliruraverirn</strong></span> <span class='ocrx_word' id='word_1_171' title='bbox 1356 3056 1431 3107; x_wconf 83' lang='lat' dir='ltr'><strong>unte</strong></span> <span class='ocrx_word' id='word_1_172' title='bbox 1453 3064 1482 3107; x_wconf 89' lang='lat' dir='ltr'><strong>a.</strong></span> <span class='ocrx_word' id='word_1_173' title='bbox 1508 3041 1592 3106; x_wconf 84' lang='grc'><strong>1551</strong></span> 
     </span>
     <span class='ocr_line' id='line_1_22' title="bbox 452 3146 1595 3237; baseline 0.001 -26"><span class='ocrx_word' id='word_1_174' title='bbox 452 3146 611 3236; x_wconf 80' lang='lat' dir='ltr'><strong>lloyziuru</strong></span> <span class='ocrx_word' id='word_1_175' title='bbox 634 3150 813 3218; x_wconf 85' lang='lat' dir='ltr'><strong>Orneoviae</strong></span> <span class='ocrx_word' id='word_1_176' title='bbox 837 3149 939 3214; x_wconf 81' lang='lat' dir='ltr'><strong>fuisse</strong></span> <span class='ocrx_word' id='word_1_177' title='bbox 962 3150 1216 3237; x_wconf 80' lang='lat' dir='ltr'><strong>professorisque</strong></span> <span class='ocrx_word' id='word_1_178' title='bbox 1238 3172 1373 3216; x_wconf 82' lang='lat' dir='ltr'><strong>inuuere</strong></span> <span class='ocrx_word' id='word_1_179' title='bbox 1396 3147 1504 3213; x_wconf 85' lang='lat' dir='ltr'><strong>adhue</strong></span> <span class='ocrx_word' id='word_1_180' title='bbox 1523 3168 1595 3213; x_wconf 90' lang='lat' dir='ltr'><strong>esse</strong></span> 
     </span>
     <span class='ocr_line' id='line_1_23' title="bbox 452 3252 1594 3341; baseline 0.001 -25"><span class='ocrx_word' id='word_1_181' title='bbox 452 3252 611 3319; x_wconf 84' lang='lat' dir='ltr'><strong>iunctum.</strong></span> <span class='ocrx_word' id='word_1_182' title='bbox 633 3254 786 3322; x_wconf 82' lang='lat' dir='ltr'><strong>Ceterum</strong></span> <span class='ocrx_word' id='word_1_183' title='bbox 809 3277 884 3320; x_wconf 86' lang='lat' dir='ltr'><strong>cunr</strong></span> <span class='ocrx_word' id='word_1_184' title='bbox 908 3254 1139 3341; x_wconf 84' lang='lat' dir='ltr'><strong>Sigismuadus</strong></span> <span class='ocrx_word' id='word_1_185' title='bbox 1163 3258 1333 3339; x_wconf 74' lang='lat' dir='ltr'><strong>Augustus</strong></span> <span class='ocrx_word' id='word_1_186' title='bbox 1356 3277 1424 3337; x_wconf 82' lang='lat' dir='ltr'><strong>rex,</strong></span> <span class='ocrx_word' id='word_1_187' title='bbox 1448 3254 1594 3321; x_wconf 86' lang='lat' dir='ltr'><strong>Barbara</strong></span> 
     </span>
     <span class='ocr_line' id='line_1_24' title="bbox 454 3360 1596 3448; baseline 0.001 -25"><span class='ocrx_word' id='word_1_188' title='bbox 454 3381 554 3426; x_wconf 86' lang='lat' dir='ltr'><strong>uxore</strong></span> <span class='ocrx_word' id='word_1_189' title='bbox 576 3384 687 3427; x_wconf 86' lang='lat' dir='ltr'><strong>mense</strong></span> <span class='ocrx_word' id='word_1_190' title='bbox 710 3362 795 3426; x_wconf 89' lang='lat' dir='ltr'><strong>maio</strong></span> <span class='ocrx_word' id='word_1_191' title='bbox 818 3383 846 3427; x_wconf 76' lang='lat' dir='ltr'><strong>a</strong></span> <span class='ocrx_word' id='word_1_192' title='bbox 872 3362 956 3428; x_wconf 87' lang='grc'><strong>1551</strong></span> <span class='ocrx_word' id='word_1_193' title='bbox 980 3360 1147 3447; x_wconf 83' lang='lat' dir='ltr'><strong>defuncta,</strong></span> <span class='ocrx_word' id='word_1_194' title='bbox 1168 3363 1203 3426; x_wconf 91' lang='lat' dir='ltr'><strong>in</strong></span> <span class='ocrx_word' id='word_1_195' title='bbox 1227 3363 1321 3429; x_wconf 89' lang='lat' dir='ltr'><strong>cuius</strong></span> <span class='ocrx_word' id='word_1_196' title='bbox 1336 3360 1491 3426; x_wconf 86' lang='lat' dir='ltr'><strong>bonorem</strong></span> <span class='ocrx_word' id='word_1_197' title='bbox 1506 3360 1596 3448; x_wconf 85' lang='lat' dir='ltr'><strong>Roy-</strong></span> 
     </span>
     <span class='ocr_line' id='line_1_25' title="bbox 453 3464 1595 3554; baseline 0.003 -26"><span class='ocrx_word' id='word_1_198' title='bbox 453 3466 522 3529; x_wconf 85' lang='lat' dir='ltr'><strong>zius</strong></span> <span class='ocrx_word' id='word_1_199' title='bbox 545 3464 668 3552; x_wconf 87' lang='lat' dir='ltr'><strong>aliquot</strong></span> <span class='ocrx_word' id='word_1_200' title='bbox 689 3465 853 3554; x_wconf 87' lang='lat' dir='ltr'><strong>epitaphia</strong></span> <span class='ocrx_word' id='word_1_201' title='bbox 877 3468 1059 3554; x_wconf 85' lang='lat' dir='ltr'><strong>composuit</strong></span> <span class='ocrx_word' id='word_1_202' title='bbox 1081 3467 1315 3552; x_wconf 77' lang='lat'><strong>(11,34—36)‚</strong></span> <span class='ocrx_word' id='word_1_203' title='bbox 1344 3469 1379 3531; x_wconf 91' lang='lat' dir='ltr'><strong>in</strong></span> <span class='ocrx_word' id='word_1_204' title='bbox 1407 3466 1595 3531; x_wconf 87' lang='lat' dir='ltr'><strong>Lituauiam</strong></span> 
     </span>
     <span class='ocr_line' id='line_1_26' title="bbox 453 3570 1596 3661; baseline 0 -26"><span class='ocrx_word' id='word_1_205' title='bbox 453 3570 563 3636; x_wconf 86' lang='lat' dir='ltr'><strong>sedern</strong></span> <span class='ocrx_word' id='word_1_206' title='bbox 586 3594 679 3637; x_wconf 85' lang='lat' dir='ltr'><strong>suurn</strong></span> <span class='ocrx_word' id='word_1_207' title='bbox 702 3572 930 3656; x_wconf 85' lang='lat' dir='ltr'><strong>transtulisset,</strong></span> <span class='ocrx_word' id='word_1_208' title='bbox 954 3574 1052 3639; x_wconf 87' lang='lat' dir='ltr'><strong>ctiam</strong></span> <span class='ocrx_word' id='word_1_209' title='bbox 1075 3573 1220 3661; x_wconf 78' lang='lat' dir='ltr'><strong>Ilayziua</strong></span> <span class='ocrx_word' id='word_1_210' title='bbox 1243 3573 1284 3639; x_wconf 86' lang='lat' dir='ltr'><strong>ab</strong></span> <span class='ocrx_word' id='word_1_211' title='bbox 1307 3596 1346 3638; x_wconf 91' lang='lat' dir='ltr'><strong>eo</strong></span> <span class='ocrx_word' id='word_1_212' title='bbox 1365 3572 1498 3659; x_wconf 88' lang='lat' dir='ltr'><strong>quidem</strong></span> <span class='ocrx_word' id='word_1_213' title='bbox 1513 3585 1596 3637; x_wconf 82' lang='lat' dir='ltr'><strong>tem·</strong></span> 
     </span>
     <span class='ocr_line' id='line_1_27' title="bbox 454 3676 1599 3765; baseline 0 -24"><span class='ocrx_word' id='word_1_214' title='bbox 454 3698 541 3763; x_wconf 89' lang='lat' dir='ltr'><strong>pore,</strong></span> <span class='ocrx_word' id='word_1_215' title='bbox 572 3688 682 3765; x_wconf 85' lang='lat' dir='ltr'><strong>utpote</strong></span> <span class='ocrx_word' id='word_1_216' title='bbox 713 3676 920 3744; x_wconf 77' lang='lat' dir='ltr'><strong>consiliarius</strong></span> <span class='ocrx_word' id='word_1_217' title='bbox 951 3680 1072 3765; x_wconf 87' lang='lat' dir='ltr'><strong>regius,</strong></span> <span class='ocrx_word' id='word_1_218' title='bbox 1103 3678 1215 3746; x_wconf 87' lang='lat' dir='ltr'><strong>eodem</strong></span> <span class='ocrx_word' id='word_1_219' title='bbox 1247 3703 1281 3744; x_wconf 92' lang='lat' dir='ltr'><strong>se</strong></span> <span class='ocrx_word' id='word_1_220' title='bbox 1312 3678 1491 3744; x_wconf 89' lang='lat' dir='ltr'><strong>collaturus</strong></span> <span class='ocrx_word' id='word_1_221' title='bbox 1523 3687 1599 3744; x_wconf 86' lang='lat' dir='ltr'><strong>crat</strong></span> 
     </span>
     <span class='ocr_line' id='line_1_28' title="bbox 453 3782 1597 3874; baseline 0.002 -27"><span class='ocrx_word' id='word_1_222' title='bbox 453 3783 517 3848; x_wconf 91' lang='lat' dir='ltr'><strong>nisi</strong></span> <span class='ocrx_word' id='word_1_223' title='bbox 549 3782 633 3849; x_wconf 80' lang='lat' dir='ltr'><strong>febri</strong></span> <span class='ocrx_word' id='word_1_224' title='bbox 664 3784 823 3871; x_wconf 81' lang='lat' dir='ltr'><strong>pertinaci</strong></span> <span class='ocrx_word' id='word_1_225' title='bbox 854 3784 917 3850; x_wconf 90' lang='lat' dir='ltr'><strong>hoc</strong></span> <span class='ocrx_word' id='word_1_226' title='bbox 946 3786 1017 3872; x_wconf 90' lang='lat' dir='ltr'><strong>ipso</strong></span> <span class='ocrx_word' id='word_1_227' title='bbox 1046 3796 1191 3874; x_wconf 83' lang='lat' dir='ltr'><strong>ternpore</strong></span> <span class='ocrx_word' id='word_1_228' title='bbox 1221 3797 1389 3872; x_wconf 86' lang='lat' dir='ltr'><strong>correptus</strong></span> <span class='ocrx_word' id='word_1_229' title='bbox 1416 3785 1597 3851; x_wconf 75' lang='lat' dir='ltr'><strong>cracoviae</strong></span> 
     </span>
     <span class='ocr_line' id='line_1_29' title="bbox 454 3887 1596 3977; baseline 0.002 -26"><span class='ocrx_word' id='word_1_230' title='bbox 454 3887 656 3976; x_wconf 81' lang='lat' dir='ltr'><strong>aliquamdiu</strong></span> <span class='ocrx_word' id='word_1_231' title='bbox 679 3912 846 3956; x_wconf 89' lang='lat' dir='ltr'><strong>remanere</strong></span> <span class='ocrx_word' id='word_1_232' title='bbox 869 3902 954 3955; x_wconf 85' lang='lat' dir='ltr'><strong>esset</strong></span> <span class='ocrx_word' id='word_1_233' title='bbox 977 3902 1119 3956; x_wconf 88' lang='lat' dir='ltr'><strong>coactus.</strong></span> <span class='ocrx_word' id='word_1_234' title='bbox 1145 3890 1359 3958; x_wconf 83' lang='lat' dir='ltr'><strong>Convaluisse</strong></span> <span class='ocrx_word' id='word_1_235' title='bbox 1382 3913 1418 3956; x_wconf 90' lang='lat' dir='ltr'><strong>se</strong></span> <span class='ocrx_word' id='word_1_236' title='bbox 1440 3890 1596 3977; x_wconf 86' lang='lat' dir='ltr'><strong>paulatim</strong></span> 
     </span>
     <span class='ocr_line' id='line_1_30' title="bbox 454 3992 1597 4085; baseline 0.003 -28"><span class='ocrx_word' id='word_1_237' title='bbox 454 3992 602 4059; x_wconf 83' lang='lat' dir='ltr'><strong>Anselmi</strong></span> <span class='ocrx_word' id='word_1_238' title='bbox 625 3993 799 4083; x_wconf 84' lang='lat' dir='ltr'><strong>Ephorini,</strong></span> <span class='ocrx_word' id='word_1_239' title='bbox 830 3996 973 4061; x_wconf 86' lang='lat' dir='ltr'><strong>civitatis</strong></span> <span class='ocrx_word' id='word_1_240' title='bbox 1004 3996 1224 4062; x_wconf 84' lang='lat' dir='ltr'><strong>cracoviensis</strong></span> <span class='ocrx_word' id='word_1_241' title='bbox 1246 3996 1384 4085; x_wconf 78' lang='lat' dir='ltr'><strong>physici,</strong></span> <span class='ocrx_word' id='word_1_242' title='bbox 1407 4005 1477 4061; x_wconf 86' lang='lat' dir='ltr'><strong>arte</strong></span> <span class='ocrx_word' id='word_1_243' title='bbox 1499 4005 1597 4082; x_wconf 88' lang='lat' dir='ltr'><strong>atque</strong></span> 
     </span>
     <span class='ocr_line' id='line_1_31' title="bbox 455 4100 1597 4191; baseline 0 -26"><span class='ocrx_word' id='word_1_244' title='bbox 455 4120 534 4165; x_wconf 88' lang='lat' dir='ltr'><strong>cura</strong></span> <span class='ocrx_word' id='word_1_245' title='bbox 557 4100 626 4189; x_wconf 91' lang='lat' dir='ltr'><strong>ipse</strong></span> <span class='ocrx_word' id='word_1_246' title='bbox 649 4101 749 4168; x_wconf 85' lang='lat' dir='ltr'><strong>refert</strong></span> <span class='ocrx_word' id='word_1_247' title='bbox 772 4102 829 4187; x_wconf 87' lang='lat'><strong>(11,</strong></span> <span class='ocrx_word' id='word_1_248' title='bbox 854 4102 917 4168; x_wconf 89' lang='lat'><strong>189</strong></span> <span class='ocrx_word' id='word_1_249' title='bbox 941 4110 1008 4190; x_wconf 90' lang='lat' dir='ltr'><strong>sq.),</strong></span> <span class='ocrx_word' id='word_1_250' title='bbox 1032 4104 1176 4191; x_wconf 90' lang='lat' dir='ltr'><strong>corporis</strong></span> <span class='ocrx_word' id='word_1_251' title='bbox 1199 4113 1307 4168; x_wconf 88' lang='lat' dir='ltr'><strong>tamen</strong></span> <span class='ocrx_word' id='word_1_252' title='bbox 1331 4103 1434 4168; x_wconf 86' lang='lat' dir='ltr'><strong>macie</strong></span> <span class='ocrx_word' id='word_1_253' title='bbox 1454 4100 1597 4168; x_wconf 83' lang='lat' dir='ltr'><strong>conlecti</strong></span> 
     </span>
     <span class='ocr_line' id='line_1_32' title="bbox 454 4205 1598 4297; baseline 0 -26"><span class='ocrx_word' id='word_1_254' title='bbox 454 4205 555 4272; x_wconf 83' lang='lat' dir='ltr'><strong>iacies</strong></span> <span class='ocrx_word' id='word_1_255' title='bbox 578 4206 659 4273; x_wconf 83' lang='lat' dir='ltr'><strong>adeo</strong></span> <span class='ocrx_word' id='word_1_256' title='bbox 681 4218 730 4274; x_wconf 87' lang='lat' dir='ltr'><strong>est</strong></span> <span class='ocrx_word' id='word_1_257' title='bbox 753 4219 885 4293; x_wconf 75' lang='lat' dir='ltr'><strong>ronuta,</strong></span> <span class='ocrx_word' id='word_1_258' title='bbox 910 4220 945 4275; x_wconf 89' lang='lat' dir='ltr'><strong>ut</strong></span> <span class='ocrx_word' id='word_1_259' title='bbox 968 4209 1121 4275; x_wconf 85' lang='lat' dir='ltr'><strong>Andreae</strong></span> <span class='ocrx_word' id='word_1_260' title='bbox 1142 4210 1288 4275; x_wconf 83' lang='lat' dir='ltr'><strong>Tricesio</strong></span> <span class='ocrx_word' id='word_1_261' title='bbox 1307 4210 1413 4275; x_wconf 90' lang='lat' dir='ltr'><strong>amico</strong></span> <span class='ocrx_word' id='word_1_262' title='bbox 1428 4208 1598 4297; x_wconf 87' lang='lat' dir='ltr'><strong>scripserit</strong></span> 
     </span>
     <span class='ocr_line' id='line_1_33' title="bbox 453 4314 1595 4407; baseline 0.002 -26"><span class='ocrx_word' id='word_1_263' title='bbox 453 4336 525 4381; x_wconf 80' lang='lat' dir='ltr'><strong>curu</strong></span> <span class='ocrx_word' id='word_1_264' title='bbox 550 4314 684 4403; x_wconf 78' lang='lat' dir='ltr'><strong>irrragiiri</strong></span> <span class='ocrx_word' id='word_1_265' title='bbox 709 4339 795 4402; x_wconf 76' lang='lat' dir='ltr'><strong>suari,</strong></span> <span class='ocrx_word' id='word_1_266' title='bbox 819 4317 882 4383; x_wconf 81' lang='lat' dir='ltr'><strong>sibi</strong></span> <span class='ocrx_word' id='word_1_267' title='bbox 906 4329 1001 4383; x_wconf 88' lang='lat' dir='ltr'><strong>auten</strong></span> <span class='ocrx_word' id='word_1_268' title='bbox 1016 4319 1087 4385; x_wconf 92' lang='lat' dir='ltr'><strong>eius</strong></span> <span class='ocrx_word' id='word_1_269' title='bbox 1103 4319 1240 4407; x_wconf 68' lang='lat' dir='ltr'><strong>pecunia</strong></span> <span class='ocrx_word' id='word_1_270' title='bbox 1256 4328 1398 4407; x_wconf 78' lang='lat' dir='ltr'><strong>poraure,</strong></span> <span class='ocrx_word' id='word_1_271' title='bbox 1420 4316 1516 4407; x_wconf 89' lang='lat' dir='ltr'><strong>plane</strong></span> <span class='ocrx_word' id='word_1_272' title='bbox 1531 4338 1595 4383; x_wconf 91' lang='lat' dir='ltr'><strong>non</strong></span> 
     </span>
     <span class='ocr_line' id='line_1_34' title="bbox 453 4425 1597 4519; baseline 0.003 -30"><span class='ocrx_word' id='word_1_273' title='bbox 453 4425 649 4513; x_wconf 77' lang='lat' dir='ltr'><strong>respondere</strong></span> <span class='ocrx_word' id='word_1_274' title='bbox 670 4426 728 4512; x_wconf 87' lang='lat' dir='ltr'><strong>(ll,</strong></span> <span class='ocrx_word' id='word_1_275' title='bbox 743 4427 830 4509; x_wconf 74' lang='lat'><strong>247).</strong></span> <span class='ocrx_word' id='word_1_276' title='bbox 854 4427 1040 4495; x_wconf 85' lang='lat' dir='ltr'><strong>Ourntionis</strong></span> <span class='ocrx_word' id='word_1_277' title='bbox 1064 4427 1162 4493; x_wconf 89' lang='lat' dir='ltr'><strong>huius</strong></span> <span class='ocrx_word' id='word_1_278' title='bbox 1184 4428 1373 4517; x_wconf 83' lang='lat' dir='ltr'><strong>impensam,</strong></span> <span class='ocrx_word' id='word_1_279' title='bbox 1396 4428 1520 4519; x_wconf 84' lang='lat' dir='ltr'><strong>Royaio</strong></span> <span class='ocrx_word' id='word_1_280' title='bbox 1535 4429 1597 4493; x_wconf 86' lang='lat' dir='ltr'><strong>irn-</strong></span> 
     </span>
     <span class='ocr_line' id='line_1_35' title="bbox 454 4533 1597 4625; baseline 0.005 -28"><span class='ocrx_word' id='word_1_281' title='bbox 454 4554 531 4621; x_wconf 93' lang='lat' dir='ltr'><strong>pare</strong></span> <span class='ocrx_word' id='word_1_282' title='bbox 554 4535 697 4623; x_wconf 77' lang='lat' dir='ltr'><strong>surruptui</strong></span> <span class='ocrx_word' id='word_1_283' title='bbox 721 4533 897 4623; x_wconf 87' lang='lat' dir='ltr'><strong>tolerando,</strong></span> <span class='ocrx_word' id='word_1_284' title='bbox 928 4536 997 4625; x_wconf 89' lang='lat' dir='ltr'><strong>ipae</strong></span> <span class='ocrx_word' id='word_1_285' title='bbox 1027 4536 1259 4625; x_wconf 81' lang='lat' dir='ltr'><strong>Sigismundos</strong></span> <span class='ocrx_word' id='word_1_286' title='bbox 1286 4561 1344 4604; x_wconf 87' lang='lat' dir='ltr'><strong>rex</strong></span> <span class='ocrx_word' id='word_1_287' title='bbox 1368 4537 1481 4604; x_wconf 90' lang='lat' dir='ltr'><strong>tulisse</strong></span> <span class='ocrx_word' id='word_1_288' title='bbox 1505 4536 1597 4603; x_wconf 86' lang='lat' dir='ltr'><strong>vide-</strong></span> 
     </span>
     <span class='ocr_line' id='line_1_36' title="bbox 453 4640 1595 4731; baseline 0.006 -28"><span class='ocrx_word' id='word_1_289' title='bbox 453 4649 507 4703; x_wconf 89' lang='lat' dir='ltr'><strong>tur</strong></span> <span class='ocrx_word' id='word_1_290' title='bbox 529 4640 590 4723; x_wconf 86' lang='lat'><strong>(11,</strong></span> <span class='ocrx_word' id='word_1_291' title='bbox 615 4642 688 4725; x_wconf 84' lang='lat'><strong>190,</strong></span> <span class='ocrx_word' id='word_1_292' title='bbox 712 4642 765 4723; x_wconf 88' lang='lat' dir='ltr'><strong>V).</strong></span> <span class='ocrx_word' id='word_1_293' title='bbox 802 4642 1015 4731; x_wconf 86' lang='lat' dir='ltr'><strong>Recuperatis</strong></span> <span class='ocrx_word' id='word_1_294' title='bbox 1039 4644 1166 4710; x_wconf 85' lang='lat' dir='ltr'><strong>viribus</strong></span> <span class='ocrx_word' id='word_1_295' title='bbox 1196 4666 1225 4710; x_wconf 88' lang='lat' dir='ltr'><strong>a.</strong></span> <span class='ocrx_word' id='word_1_296' title='bbox 1251 4647 1332 4712; x_wconf 84' lang='grc'><strong>1551</strong></span> <span class='ocrx_word' id='word_1_297' title='bbox 1366 4655 1424 4710; x_wconf 89' lang='lat' dir='ltr'><strong>aut</strong></span> <span class='ocrx_word' id='word_1_298' title='bbox 1447 4645 1534 4710; x_wconf 80' lang='grc'><strong>1552</strong></span> <span class='ocrx_word' id='word_1_299' title='bbox 1562 4646 1595 4710; x_wconf 91' lang='lat' dir='ltr'><strong>in</strong></span> 
     </span>
     <span class='ocr_line' id='line_1_37' title="bbox 452 4744 1594 4838; baseline 0.006 -30"><span class='ocrx_word' id='word_1_300' title='bbox 452 4744 638 4809; x_wconf 86' lang='lat' dir='ltr'><strong>Lituaniam</strong></span> <span class='ocrx_word' id='word_1_301' title='bbox 662 4757 794 4833; x_wconf 84' lang='lat' dir='ltr'><strong>penates</strong></span> <span class='ocrx_word' id='word_1_302' title='bbox 817 4749 1024 4815; x_wconf 84' lang='lat' dir='ltr'><strong>transtulisse</strong></span> <span class='ocrx_word' id='word_1_303' title='bbox 1054 4762 1104 4815; x_wconf 87' lang='lat' dir='ltr'><strong>est</strong></span> <span class='ocrx_word' id='word_1_304' title='bbox 1133 4750 1310 4838; x_wconf 78' lang='lat' dir='ltr'><strong>putandus3</strong></span> <span class='ocrx_word' id='word_1_305' title='bbox 1341 4762 1429 4817; x_wconf 82' lang='lat' dir='ltr'><strong>certe</strong></span> <span class='ocrx_word' id='word_1_306' title='bbox 1455 4773 1484 4815; x_wconf 92' lang='lat' dir='ltr'><strong>a.</strong></span> <span class='ocrx_word' id='word_1_307' title='bbox 1510 4752 1594 4816; x_wconf 80' lang='grc'><strong>1557</strong></span> 
     </span>
     <span class='ocr_line' id='line_1_38' title="bbox 453 4848 1597 4945; baseline 0.009 -32"><span class='ocrx_word' id='word_1_308' title='bbox 453 4848 571 4915; x_wconf 89' lang='lat' dir='ltr'><strong>Vilnae</strong></span> <span class='ocrx_word' id='word_1_309' title='bbox 596 4850 661 4915; x_wconf 87' lang='lat' dir='ltr'><strong>iam</strong></span> <span class='ocrx_word' id='word_1_310' title='bbox 684 4850 791 4919; x_wconf 85' lang='lat' dir='ltr'><strong>adfuit</strong></span> <span class='ocrx_word' id='word_1_311' title='bbox 813 4854 851 4939; x_wconf 94' lang='lat' dir='ltr'><strong>(l,</strong></span> <span class='ocrx_word' id='word_1_312' title='bbox 877 4856 940 4921; x_wconf 88' lang='grc'><strong>159</strong></span> <span class='ocrx_word' id='word_1_313' title='bbox 956 4877 1016 4942; x_wconf 83' lang='lat' dir='ltr'><strong>sq.;</strong></span> <span class='ocrx_word' id='word_1_314' title='bbox 1040 4856 1084 4941; x_wconf 95' lang='lat' dir='ltr'><strong>II,</strong></span> <span class='ocrx_word' id='word_1_315' title='bbox 1108 4857 1160 4941; x_wconf 85' lang='lat'><strong>84,</strong></span> <span class='ocrx_word' id='word_1_316' title='bbox 1184 4859 1227 4923; x_wconf 87' lang='lat'><strong>19</strong></span> <span class='ocrx_word' id='word_1_317' title='bbox 1243 4880 1301 4945; x_wconf 85' lang='lat' dir='ltr'><strong>sq.;</strong></span> <span class='ocrx_word' id='word_1_318' title='bbox 1325 4861 1366 4923; x_wconf 90' lang='grc'><strong>91</strong></span> <span class='ocrx_word' id='word_1_319' title='bbox 1385 4864 1473 4945; x_wconf 88' lang='lat' dir='ltr'><strong>sqq.).</strong></span> <span class='ocrx_word' id='word_1_320' title='bbox 1501 4857 1597 4923; x_wconf 89' lang='lat' dir='ltr'><strong>Polo-</strong></span> 
     </span>
    </p>
   </div>
   <div class='ocr_carea' id='block_1_3' title="bbox 0 0 2060 5767">
    <p class='ocr_par' dir='ltr' id='par_1_3' title="bbox 0 0 2060 5767">
     <span class='ocr_line' id='line_1_39' title="bbox 0 0 2060 5767; baseline 0 0"><span class='ocrx_word' id='word_1_321' title='bbox 0 0 2060 5767; x_wconf 95' lang='lat' dir='ltr'><strong> </strong></span> 
     </span>
    </p>
   </div>
  </div>
 </body>
</html>
