4109 5767
1026 781 1101 816 ΙἪΙΙ
1122 779 1213 816 “otili

1090 1063 1154 1131 V¹.

654 1190 749 1258 Urna
769 1189 850 1258 olim
873 1199 929 1258 tua
951 1190 1039 1282 quod
1063 1196 1135 1280 pust
1158 1201 1289 1258 eentum
1310 1190 1476 1281 'praeierat
1498 1213 1608 1280 annos,

708 1301 867 1389 Tarnovi,
889 1301 1008 1391 scripsi
1031 1323 1164 1368 earmeu
1187 1309 1220 1367 et
1241 1301 1400 1390 ingemui,

655 1408 755 1476 Hune
777 1408 954 1498 aliquando
975 1409 1086 1476 virum
1109 1408 1314 1494 moriturum,
1335 1429 1438 1496 regna
1460 1417 1508 1475 tot
1529 1408 1608 1475 olim

709 1516 772 1583 Per
794 1539 891 1604 quem
914 1517 1012 1603 vieta,
1035 1515 1114 1582 olim
1136 1525 1169 1582 et
1190 1523 1239 1581 tot
1261 1514 1409 1582 cecidere
1431 1515 1540 1602 duces,

594 1643 623 1691 s.
654 1624 799 1692 Aeterua
819 1623 957 1714 populos
979 1625 1036 1712 qui
1059 1634 1168 1714 posset
1190 1645 1272 1713 paee
1294 1632 1405 1690 tenere

710 1731 873 1799 Paeifieua
895 1732 991 1798 iustis
1013 1741 1047 1798 et
1069 1741 1182 1820 regere
1205 1730 1362 1798 arbitriis!

655 1838 818 1907 Omnibus
833 1838 1097 1926 emoriendum,
1121 1839 1182 1905 iter
1197 1837 1349 1904 omnibus
1364 1837 1447 1905 illud
1467 1838 1610 1905 eundum
1633 1847 1690 1928 est,

707 1945 763 2012 Illi
785 1945 884 2013 hodie
906 1968 981 2012 eras
1003 1945 1094 2030 huia;
1116 1945 1172 2012 hie
1195 1944 1285 2012 audit
1306 1943 1362 2011 ille
1386 1945 1489 2013 eadat

653 2050 775 2121 Omnia
796 2075 885 2118 murs
907 2061 1034 2141 aequat,
1057 2053 1156 2119 Divis
1179 2074 1240 2118 nee
1262 2053 1409 2140 paruitur
1431 2053 1511 2140 ipsis
1521 2054 1543 2138 ¹,

573 2177 621 2222 ιο.
704 2157 890 2223 Arbitrium
913 2180 1053 2245 quorum
1075 2167 1164 2224 terra
1186 2157 1343 2245 polusque
1366 2157 1462 2223 subit

652 2261 777 2327 Vivere
799 2263 856 2350 qui
879 2261 1013 2328 voluere
1036 2263 1244 2350 animamque
1266 2261 1404 2329 hausere
1427 2261 1488 2328 sub
1511 2263 1618 2350 astris,

706 2405 752 2416 -
774 2367 935 2433 Natorum
957 2367 1013 2434 lex
1036 2377 1086 2434 est
1108 2405 1152 2417 -
1175 2367 1209 2432 hi
1232 2367 1367 2434 voluere
1389 2367 1480 2432 mori.

651 2472 749 2542 Certa
771 2484 862 2540 artus
885 2476 964 2541 istos
986 2475 1154 2564 vitamque
1176 2469 1359 2564 relinquere
1380 2474 1435 2542 lex
1457 2483 1515 2561 est,

707 2582 765 2649 Ius
787 2581 886 2650 habet
908 2583 943 2649 iu
965 2593 1113 2650 nostrum
1136 2605 1224 2650 mors
1247 2582 1433 2650 truculenta
1454 2600 1567 2672 genus.

572 2713 620 2760 rs.
650 2689 814 2781 Solaque⁸
835 2692 877 2760 de
899 2694 1007 2782 rubus,
1028 2693 1132 2784 possit
1154 2715 1238 2784 quae
1260 2693 1393 2762 vineere
1416 2691 1493 2780 fate,

703 2799 833 2870 Gloria:
856 2824 940 2891 quae
961 2803 1072 2869 tristes
1095 2824 1160 2869 non
1185 2802 1273 2868 subit
1296 2825 1362 2868 une
1383 2823 1480 2890 rogos

651 2907 744 2974 Haee
766 2908 836 2995 tibi,
859 2910 1017 2996 Tarnovi,
1041 2919 1131 2976 tauta
1153 2919 1203 2976 est
1225 2908 1375 2997 belloque
1396 2917 1544 2996 togaque,

705 3014 806 3082 Nulla
828 3017 871 3082 sit
894 3025 931 3082 ut
952 3017 1069 3083 merito
1092 3038 1179 3082 mors
1203 3015 1377 3083 metuende
1399 3016 1468 3082 tibi.

1076 3209 1158 3276 vlt

652 3323 736 3391 Oum
757 3323 894 3392 laudare
916 3326 1025 3390 virum
1050 3325 1166 3391 fortem
1190 3326 1251 3410 vis,
1275 3322 1433 3411 Sarmata,
1456 3323 1551 3391 diuis:

709 3430 896 3520 „Hannibal
919 3432 975 3500 hie
997 3431 1079 3499 alter
1102 3431 1253 3523 Scipiove
1275 3432 1358 3499 alter
1379 3431 1434 3500 hie
1456 3431 1536 3500 est“.

649 3539 754 3606 Pares
778 3538 896 3607 dehine
918 3539 1055 3606 laudare
1077 3543 1185 3608 virum
1211 3541 1268 3628 sie,
1292 3539 1449 3624 Sarmata,
1474 3539 1602 3607 fortem:

707 3645 796 3727 Quid
819 3648 951 3735 quaeris
974 3669 1094 3734 poenos
1116 3647 1197 3735 quid
1219 3647 1355 3714 latiosve
1378 3646 1501 3713 duues?

593 3772 620 3818 s.
650 3752 769 3818 Vestra
792 3752 909 3818 domus
931 3751 1015 3840 tulit,
1039 3753 1126 3820 unde
1150 3764 1240 3842 petas
1262 3753 1352 3840 haee,
1376 3752 1534 3840 Sannuta,
1557 3753 1623 3820 noli

649 3946 653 3956 ‚
706 3860 872 3942 Quaerere
896 3883 957 3928 nee
980 3884 1109 3949 poenos,
1125 3885 1281 3952 quaerere
1303 3884 1364 3929 nee
1386 3860 1491 3930 latios.

651 3967 807 4057 Ingratus
831 3970 955 4058 patriae
978 3991 1022 4056 es,
1045 3971 1170 4058 putriue
1193 3981 1242 4038 est
1265 3971 1386 4038 iniuria
1408 3970 1514 4038 fortis:

706 4075 768 4143 Oui
791 4076 940 4144 conferre
962 4099 1072 4164 queas,
1095 4079 1202 4166 patria
1225 4079 1318 4144 fortir
1341 4077 1447 4146 habet

655 4411 663 4442 ¹
682 4411 760 4465 Corn.
781 4411 822 4466 10.
848 4415 907 4467 Ποο
925 4430 1034 4467 carmen
1054 4415 1190 4483 epitaphio
1209 4413 1316 4468 cuidam
1334 4413 1471 4480 Ternarii,
1496 4413 1582 4468 eidam
1606 4413 1687 4466 mirre

543 4501 626 4570 (sont
644 4502 719 4554 inira
736 4521 779 4572 pg.
796 4503 832 4558 78
850 4511 919 4572 sqq.)
938 4506 1133 4572 praescriptum
1154 4503 1236 4560 tuisse
1255 4505 1350 4559 elucet.

653 4591 739 4646 'seii
766 4591 894 4647 Diuorum
919 4595 1061 4648 voluntati.
1094 4589 1145 4648 Sed
1171 4593 1285 4649 tortasse
1312 4595 1453 4663 „pellitur“
1480 4595 1522 4648 vel
1550 4586 1684 4660 „tollitur¹

544 4683 654 4751 scripsit
671 4685 702 4735 lt.

653 4772 664 4802 ¹
681 4776 732 4826 Ma.
753 4775 886 4841 „solara“.

652 4863 760 4917 ‘Cora
780 4865 823 4918 58.
