4109 5767
701 791 826 841 litatem
844 792 973 842 susannis
991 795 1018 840 tn
1038 792 1089 842 atti.
1108 792 1259 842 stnrsttuntn
1279 793 1296 841 l.
1506 774 1565 853 111

536 1000 629 1065 Iusta
652 998 761 1066 ferunt
780 998 878 1066 finem
903 1038 945 1047 -
968 1021 1087 1087 magno
1110 998 1199 1066 eadit
1221 1009 1297 1067 ante
1318 998 1473 1067 feretrum

537 1108 674 1196 Impete:
697 1108 791 1174 fusus
812 1106 904 1173 humi
927 1116 1111 1196 praesentat
1135 1106 1251 1175 funera
1272 1109 1372 1197 regis3
1396 1118 1398 1129 '

537 1216 620 1282 Inde
641 1215 746 1282 bonus
768 1214 896 1301 galeam
919 1215 1026 1303 gentis
1049 1215 1090 1282 de
1112 1237 1203 1282 more
1224 1225 1393 1304 paternam

535 1321 705 1409 Augustus
728 1321 806 1387 iacit
828 1332 904 1386 ante
926 1341 1000 1386 aras
1023 1320 1236 1409 iaciendoque
1257 1321 1383 1409 plangit

431 1448 502 1491 ssa.
537 1426 710 1492 Extremas
732 1424 839 1491 obitus
862 1434 894 1491 et
916 1426 986 1491 ouri
1008 1426 1126 1491 lanera
1147 1426 1257 1513 patris.

536 1532 672 1601 Statum
695 1531 749 1599 hio
771 1533 806 1598 in
829 1541 957 1619 terrain,
978 1531 1124 1619 gladium
1147 1532 1225 1599 iaoit
1247 1532 1303 1599 ille
1325 1554 1506 1620 eumenum,

538 1641 684 1727 longam
698 1637 791 1705 'alius
814 1638 942 1726 magnis
965 1638 1116 1727 infringit
1138 1638 1264 1706 viribus
1285 1639 1423 1726 lanatum,

535 1747 624 1833 Tela,
647 1745 766 1835 quibus
789 1745 952 1835 quondam
976 1744 1100 1813 medios
1123 1746 1276 1814 tendebat
1298 1747 1333 1813 in
1355 1746 1463 1815 hostes

536 1856 642 1921 Marte
664 1853 896 1942 sigismundus
918 1853 1000 1921 felix
1020 1863 1054 1921 et
1076 1855 1239 1921 maximus
1262 1856 1370 1921 arnnis.

433 1983 504 2028 sao.
629 1962 695 2027 Hie
716 1984 794 2027 mox
816 1960 935 2027 deinde
957 1961 1077 2027 sades¹
1101 1961 1195 2029 aulae
1217 1961 1344 2051 fregere
1366 1964 1522 2052 magistri,

536 2068 678 2157 Imperio
700 2068 791 2134 velut
813 2069 945 2135 amisson
969 2092 1034 2134 non
1057 2068 1171 2136 ordine
1193 2078 1281 2135 nerto

536 2176 590 2243 lre
613 2175 726 2241 iubere
749 2172 895 2241 hominos
919 2173 1124 2261 famulasque
1147 2175 1298 2243 inoederu
1320 2175 1433 2243 turbas

537 2284 625 2352 Dein
648 2283 718 2350 fore
739 2282 791 2349 ius
814 2280 887 2349 illis.
919 2281 1022 2351 Simul
1046 2282 1100 2351 hio
1123 2291 1155 2351 ot
1178 2282 1310 2371 publiea
1332 2284 1427 2375 signa

538 2393 748 2481 Franguntur
770 2392 920 2479 ferroque
942 2392 1087 2459 exscissa
1109 2392 1232 2461 resedit
1254 2392 1362 2481 imago

432 2522 503 2566 aaa.
537 2498 670 2587 Regalis
692 2520 848 2587 gemmae,
872 2520 938 2583 qua
961 2520 1019 2565 rex
1043 2498 1197 2566 mandata
1220 2498 1343 2565 solebat

537 2604 676 2693 Signare
698 2614 730 2671 et
752 2605 882 2693 penitus
904 2604 1068 2671 subiectas
1091 2604 1212 2671 endere
1234 2626 1334 2671 aeras.

627 2713 692 2780 Hie
715 2734 783 2797 rex,
806 2713 979 2777 restituens
1001 2722 1168 2799 mmquam
1191 2722 1276 2779 retro
1299 2714 1416 2800 omnia,
1439 2714 1532 2801 regni

536 2818 705 2885 Vexillum
727 2818 897 2905 imprimis,
918 2816 1005 2905 quod
1028 2840 1156 2883 summa
1179 2818 1326 2906 infigitur
1347 2818 1449 2906 hasta,

537 2924 674 2993 Extollit
696 2935 782 2991 terra
805 2924 992 3013 modiusque
1013 2923 1162 2991 extendit
1183 2925 1218 2990 in
1241 2946 1338 2991 auras

433 3055 504 3101 eso.
537 3034 687 3101 Victores
710 3032 844 3121 signans
866 3054 1035 3121 superesse
1057 3041 1088 3099 et
1111 3030 1226 3099 robora
1248 3030 1335 3119 belli,

538 3141 640 3229 Signa
661 3138 740 3207 olim
761 3149 794 3207 et
817 3140 940 3228 possint
962 3141 1018 3228 qui
1041 3140 1171 3227 inferre,
1193 3149 1226 3207 et
1248 3138 1380 3209 tendere
1403 3140 1520 3208 dextra

539 3247 688 3333 Fortiter,
710 3257 743 3313 et
764 3248 878 3335 patriis
901 3246 1062 3335 depellere
1085 3246 1205 3314 finibus
1227 3246 1360 3315 hostem.

538 3352 677 3420 Sustulit
699 3363 731 3419 et
753 3362 917 3440 saeptrum
938 3354 1097 3440 regnique
1119 3354 1262 3441 insignis
1283 3363 1370 3420 terra

538 3457 661 3541 Cetera,
684 3480 767 3544 quae
790 3457 906 3523 dextra
927 3456 1075 3545 patribus
1098 3457 1174 3524 dein
1197 3459 1333 3547 porrigit
1357 3458 1449 3545 ultro,

434 3583 504 3627 aas.
538 3563 578 3627 In
601 3584 636 3629 se
658 3572 744 3629 stare
766 3564 865 3629 sitnm
887 3564 1021 3650 signans
1044 3563 1114 3649 tibi,
1137 3564 1294 3649 Sarmata,
1318 3548 1464 3652 regnum,

536 3668 634 3735 Patre
658 3667 868 3757 sigismundo
890 3691 955 3735 non
979 3669 1140 3735 interiisse
1163 3681 1335 3759 perempto.

535 3774 648 3843 Restat
670 3776 779 3844 adhue
801 3777 892 3863 alter,
914 3775 994 3844 solio
1016 3778 1074 3866 qui
1096 3777 1217 3844 insidat
1240 3778 1274 3845 in
1297 3778 1362 3845 ulto

539 3884 583 3950 Et
603 3884 739 3974 populos
761 3883 895 3973 posthae
918 3884 1102 3951 moderetur
1122 3884 1251 3975 legibus
1274 3888 1395 3973 aequis.

538 3992 646 4079 Atque
669 3991 734 4057 elia
756 3989 812 4059 hie
832 3993 925 4079 regni
947 3994 1070 4081 profert
1093 4016 1152 4061 rex
1173 3993 1306 4082 publiea
1328 3995 1431 4083 signs.

435 4118 505 4164 aro.
538 4098 687 4165 Perrexit
709 4122 828 4187 magno
851 4098 994 4167 Samueli
1016 4099 1107 4187 haee,
1130 4100 1188 4166 illa
1210 4096 1298 4167 fideli

539 4204 606 4271 Dat
628 4204 780 4292 (habiae,
802 4205 875 4272 vine
897 4206 953 4293 qui
976 4206 1137 4273 Samuelis
1161 4230 1280 4273 munus
1301 4206 1405 4273 obiret
1415 4209 1440 4291 ’ς

538 4311 621 4379 Inde
643 4312 740 4380 sudes
763 4313 844 4379 alias
867 4311 962 4381 aulae
982 4312 1120 4382 retulere
1143 4314 1298 4405 magistri.

541 4420 605 4488 Hie
626 4422 724 4488 finem
747 4423 873 4512 aeeepit
896 4424 981 4511 regis
1003 4422 1205 4490 lacrimabile
1228 4424 1327 4491 lunas

542 4687 550 4719 ¹
569 4690 705 4758 Scipiones
724 4691 782 4745 sive
800 4690 891 4745 clavos
909 4691 1047 4760 (boissy).

543 4776 553 4809 ¹
571 4783 638 4833 Erat
655 4782 724 4833 enim
744 4784 769 4835 S.
791 4783 972 4850 llaeiejonski
994 4790 1049 4836 tum
1068 4784 1254 4853 cancellarius,
1274 4784 1515 4840 nicolaumque
1534 4788 1572 4841 sl·

433 4871 642 4925 esaneellariur
661 4873 745 4941 regni.
