4109 5767
748 771 870 808 rsvrcrro
887 772 915 808 ιιι
933 772 1089 812 retentores
1107 773 1243 816 emolu.
1499 757 1565 824 2b9

421 841 486 862 ====⁸
787 841 946 852 uum—m

533 965 709 1054 Supremas
731 963 813 1034 bueo
835 965 920 1034 inter
941 974 1050 1052 erunt3
1071 964 1154 1036 bueo
1175 975 1307 1058 propter
1327 966 1370 1034 ub
1393 989 1449 1035 ore

585 1075 739 1164 Promptu
760 1073 878 1164 hospes
899 1073 1042 1142 retrahet
1061 1074 1181 1164 poeulu
1202 1098 1299 1165 seepe
1319 1075 1452 1144 menu“.

531 1179 647 1247 Audiit
670 1180 882 1270 Omnipotens
904 1189 936 1249 et
958 1182 1045 1248 votis
1067 1182 1182 1248 ennuit
1204 1181 1301 1248 ultro:

585 1287 739 1354 Protinus
761 1311 803 1356 en
825 1289 925 1378 ospiti
947 1289 1060 1356 innota
1080 1289 1166 1356 tiore
1187 1297 1244 1356 tuo
1264 1297 1322 1356 eet

443 1417 499 1459 nr.
531 1393 659 1460 Extulit
681 1403 718 1461 ut
740 1395 871 1464 fortune
893 1395 961 1463 solo
983 1395 1127 1484 solioque
1148 1395 1269 1464 loeevit
1399 1400 1402 1406 ’

586 1500 696 1589 Teque
718 1501 812 1568 auxit
833 1501 945 1568 multis
966 1501 1087 1592 lergior
1108 1501 1262 1591 imperiis,
1284 1538 1331 1554 -

532 1607 638 1676 Gessit
660 1608 832 1676 oousiliuur
853 1617 949 1678 vetus
970 1618 1004 1677 et
1024 1609 1185 1698 promisse
1205 1607 1350 1676 tulerunt

585 1715 683 1782 irrite
704 1716 898 1805 praeeipites
920 1715 1033 1785 subter
1052 1717 1151 1784 inune
1172 1715 1250 1784 noti.
1335 1739 1339 1746 ¹

532 1822 625 1890 Mens
648 1821 713 1888 ulis
734 1832 792 1908 est,
815 1844 913 1911 quern
935 1845 1040 1912 nuper
1061 1831 1143 1907 eret3
1165 1821 1296 1891 diverse
1316 1821 1497 1911 probantur

443 1952 499 1992 no.
581 1927 738 2010 Oonsilie3
759 1925 850 1994 heud
872 1927 995 2014 eudem,
1017 1950 1102 2016 quae
1123 1928 1219 1995 modo
1241 1926 1339 2014 dioto,
1359 1927 1497 2016 pleoent

533 2031 708 2120 Indulgere
729 2033 835 2120 iungis
857 2033 963 2120 genio.
975 2041 1009 2099 te
1030 2043 1063 2100 et
1085 2031 1323 2121 Snrdruupelos

584 2137 707 2205 Vivere
729 2161 828 2227 quem
849 2137 969 2206 Paulos
993 2137 1198 2206 Hiluriosve¹
1220 2138 1321 2205 iuvet

533 2245 703 2334 Ingentem
726 2255 853 2314 oretero
874 2255 973 2313 menn
996 2245 1172 2336 plenosque
1194 2245 1350 2314 trientes'

585 2351 774 2421 Sustentata
796 2352 868 2420 leve
890 2361 947 2440 est,
970 2351 1073 2420 biblis
1094 2374 1189 2420 suere
1209 2374 1320 2440 greve

443 2477 499 2523 es.
529 2459 605 2526 Une
627 2457 803 2548 voluptatis
825 2481 906 2527 euru
927 2468 989 2526 est:
1012 2461 1135 2546 Venue,
1157 2457 1238 2545 eleo,
1259 2465 1387 2526 vertere

584 2565 681 2654 Oure,
702 2565 763 2635 bns
786 2567 815 2634 si
837 2565 947 2635 demet
968 2567 1042 2656 quis
1063 2565 1134 2654 tibi,
1155 2564 1247 2634 nulle
1268 2574 1326 2632 tuo
1346 2573 1405 2632 est.

531 2673 628 2741 Plebs
652 2675 800 2764 negleote
822 2675 907 2744 huet
929 2676 1075 2764 periture
1096 2674 1246 2763 fameque
1268 2672 1395 2761 sitique,

585 2782 632 2850 Te
653 2792 686 2850 et
708 2783 854 2871 queritur
877 2782 991 2850 feniles
1013 2783 1063 2850 eie
1083 2781 1238 2849 habuisse
1259 2781 1357 2848 Deos

532 2889 632 2956 Nullo
654 2889 867 2980 meerdotum,
889 2890 1083 2981 templorum
1105 2889 1196 2957 nullu
1218 2909 1386 2957 seeroruur

445 3019 500 3066 ro.
582 2997 670 3068 Oura
691 2998 752 3066 tibi
775 3008 832 3087 est,
855 2999 965 3068 nullus
987 2998 1154 3088 religionis
1175 3018 1275 3065 emor.

533 3106 617 3176 (lum
639 3106 758 3196 pietete
779 3107 840 3175 tibi
862 3107 943 3174 nihil
965 3117 1024 3193 est,
1045 3107 1094 3174 nil
1116 3106 1252 3173 numine
1273 3127 1379 3191 eurus,

585 3213 642 3280 Nil
664 3211 825 3298 hominen
848 3237 950 3280 unum
972 3215 1087 3301 fasque
1109 3213 1265 3300 nefasque
1286 3220 1391 3300 putus.

531 3318 635 3386 Nemo
658 3342 777 3406 sueres,
801 3319 943 3387 reddunt
963 3319 1024 3387 tibi
1043 3342 1124 3408 quos
1138 3317 1262 3404 alterio,
1285 3339 1403 3384 oeneus

534 3467 536 3472 -
586 3424 744 3512 Attinget,
767 3424 911 3492 deoimee
933 3447 1028 3491 nemo
1051 3433 1189 3511 negetve
1210 3432 1293 3508 tues,

443 3550 499 3593 se.
529 3527 653 3596 Turbet
675 3551 771 3596 suoru
792 3529 877 3614 lieet,
898 3529 1069 3617 Divosque
1090 3527 1242 3596 exturbet
1262 3526 1395 3618 olympo

586 3636 631 3701 Et
652 3644 749 3724 neget
772 3636 807 3702 in
830 3635 920 3703 eaelo
942 3635 970 3702 ei
992 3634 1081 3702 volet
1102 3656 1174 3702 esse
1194 3633 1293 3700 Deoe

534 3740 589 3806 Nil
611 3764 664 3808 res
685 3741 744 3808 illu
766 3753 823 3808 tue
845 3743 952 3828 refert,
975 3741 1021 3808 nil
1041 3741 1124 3807 'telin
1144 3749 1285 3828 tangunt

586 3847 646 3930 Te3
669 3847 753 3914 solvi
777 3870 895 3915 oeneus
917 3847 991 3932 sint,
1013 3846 1223 3934 deoimseque
1244 3853 1329 3912 tuoe

533 3952 666 4021 Soilieet
694 3963 838 4020 extremo
869 3973 1025 4040 eoeerses
1047 3990 1093 4002 —
1115 3951 1166 4016 fas
1188 3949 1330 4036 eredere,
1353 3985 1398 3998 -
1423 3946 1465 4014 eb
1488 3946 1566 4014 orbe

441 4081 498 4124 so.
580 4057 646 4138 Qui
668 4058 804 4147 populos
826 4058 973 4144 doeeent,
994 4057 1208 4144 erudiuntque
1229 4055 1325 4122 tuoe?

500 4207 503 4214 -
532 4163 703 4232 Promissis
725 4163 845 4254 quibus
867 4164 1053 4231 rothomum
1074 4184 1242 4252 speremus
1263 4160 1443 4252 olympum,

582 4271 729 4340 Ieotetoe
751 4280 784 4340 et
806 4294 889 4362 quee
912 4271 954 4339 sit
976 4292 1098 4340 enooru
1118 4269 1186 4337 fida
1206 4269 1296 4356 rotis,

529 4377 623 4463 Quae
646 4378 739 4448 oeelo
762 4379 819 4448 viu
840 4379 1012 4470 stelligero,
1034 4401 1118 4470 quoe
1138 4376 1243 4469 glorie
1264 4375 1400 4464 Dirum,

534 4559 542 4594 ¹
562 4565 738 4617 lunetusruut
756 4563 894 4632 imprimis:
914 4565 984 4618 Stus.
998 4563 1128 4630 liberius,
1146 4562 1287 4632 episeopus
1296 4557 1565 4626 uerrunt-upto-

425 4650 497 4718 449),
517 4653 646 4718 litterius,
663 4655 786 4720 pontifex
804 4671 929 4707 remmus
947 4651 1111 4720 (rel-loe)
1127 4657 1156 4705 et
1173 4653 1304 4717 merlus,
1323 4651 1463 4720 episeopus
1479 4649 1566 4716 plote·

418 4740 527 4792 niensis
543 4739 715 4809 (ΒΜ-386),
734 4744 878 4794 essentne
896 4742 1035 4810 regiminis
1052 4748 1080 4793 et
1097 4757 1201 4792 morum
1217 4739 1383 4806 htegritute.

531 4825 1363 4897 'Prop.nr‚10‚29rrmvr‚86‚1x‚lo,1(srrem).

1409 4912 1460 4967 17·
