4109 5767
1370 289 1446 327 Α»
1480 291 1784 328 remmon
1817 290 1952 329 mx.
1990 291 2280 336 ιοιυιιουι
2314 292 2586 331 cumana.
2978 278 3112 345 293

881 503 987 547 as.
1048 481 1277 548 Manes
1322 482 1435 570 qui
1480 481 1626 569 siet,
1670 504 1787 549 ora
1830 481 1977 548 dira
2022 481 2278 570 elausit,

1055 588 1295 654 Hausit
1338 610 1574 656 nomen
1622 598 1694 655 ut
1736 587 1903 654 illud
1950 611 2107 655 aure
2153 598 2470 657 sanetum.

1155 693 1449 762 Antistes
1493 694 1668 777 Pius,
1713 692 1825 761 ille
1868 703 1969 760 tor
2011 693 2260 782 beatus,

1050 803 1259 883 Quem
1306 800 1419 887 Di,
1463 802 1752 868 earmine
1790 801 2068 870 Caelites
2114 802 2384 891 perenni

1047 906 1476 993 Laudantem,
1520 907 1809 999 Thybris
1832 911 1855 953 ¹
1900 907 2188 975 assidere
2233 909 2415 997 ripae

877 1038 982 1081 so.
1043 1014 1369 1102 Gaudent,
1412 1024 1479 1083 et
1523 1014 1680 1082 dare
1724 1024 1957 1104 tusque
2001 1016 2232 1104 iusque
2278 1015 2556 1106 templis,

1050 1122 1137 1189 Et
1184 1121 1420 1190 fulcire
1463 1123 1591 1190 Dei
1638 1122 1905 1190 domum
1950 1122 2299 1210 labantem,

1051 1230 1139 1296 Et
1182 1253 1466 1320 purgare
1508 1229 1720 1317 malis,
1762 1230 1999 1318 quibus
2043 1230 2292 1319 repleta
2334 1240 2450 1319 est,

1051 1338 1137 1403 Et
1182 1337 1393 1405 fontes
1438 1338 1691 1426 aperire
1733 1361 1851 1427 pro
1897 1337 2153 1405 lacunis

1052 1443 1307 1510 Taetris
1352 1466 1432 1511 ae
1475 1466 1679 1532 grave
1723 1443 2049 1510 olentibus
2093 1444 2368 1531 lacunis,

878 1572 983 1615 ss.
1047 1550 1289 1617 Fontes
1333 1549 1711 1638 limpidulos
1755 1572 2086 1638 aquasque
2130 1571 2330 1638 puras

1050 1656 1251 1723 Putas
1273 1662 1315 1743 ²,
1358 1679 1521 1745 quas
1566 1656 1750 1723 bibat
1792 1656 1870 1743 is,
1914 1656 2099 1723 sitire
2141 1655 2342 1723 nullis

1050 1764 1184 1846 Qui
1229 1763 1462 1831 saeclis
1507 1774 1684 1831 amat
1727 1773 1792 1831 et
1837 1763 2064 1831 videre
2107 1765 2331 1850 vitam,

1047 1871 1233 1951 Quae
1275 1872 1404 1938 Dis
1450 1871 1702 1938 vivitur
1746 1871 2166 1960 Angelisque‚
2209 1872 2416 1939 tristis

1048 1978 1279 2043 Mortis
1324 1977 1565 2064 neseia,
1610 1978 1802 2066 plena
1845 1978 2252 2065 gaudiorum.

878 2105 983 2149 4ο.
1149 2085 1438 2151 Antistes
1482 2084 1642 2150 Pius
1686 2084 1799 2151 ille
1842 2094 1942 2151 ter
1987 2083 2217 2151 beatus

1050 2191 1189 2277 Est,
1236 2190 1344 2257 eui
1388 2212 1627 2256 munus
1674 2189 1836 2276 abis,
1880 2189 2068 2256 rudis
2112 2189 2351 2258 libelle.

1049 2297 1142 2361 At
1185 2306 1258 2362 tu
1304 2296 1764 2384 omnipotentis
1810 2317 1925 2361 ora
1967 2297 2173 2384 patris

1048 2401 1259 2468 Paros
1302 2400 1713 2467 exhorrueris
1757 2422 2107 2489 sacrosque
2152 2400 2395 2488 vultus,

1050 2507 1216 2589 Quis
1262 2508 1509 2575 claram
1554 2506 1853 2599 placidus
1899 2516 2155 2576 serenat
2200 2508 2513 2576 aethram.

878 2637 981 2681 ⁴5.
1043 2616 1413 2704 Figesque⁸
1456 2614 1681 2683 osenla
1726 2638 2025 2703 cernuus,
2071 2615 2327 2684 deeoris

1048 2722 1397 2790 Admissus
1443 2723 1738 2812 pedibus,
1782 2746 2134 2813 preoesque
2180 2724 2418 2792 fundes

1049 2830 1212 2897 Toto
1257 2839 1515 2920 pectore
1560 2831 1813 2896 numini
1859 2853 2158 2919 superne,

1048 2937 1253 3005 Flexo
1297 2947 1362 3005 et
1404 2936 1647 3026 poplite
1690 2936 1989 3026 procides
2037 2947 2327 3026 utroque,

1050 3044 1120 3112 Si
1167 3054 1231 3111 te
1274 3045 1631 3134 respiciens
1675 3043 1874 3109 humo
1917 3042 2210 3112 levatum

877 3173 984 3219 so.
1045 3152 1363 3241 Dignum,
1406 3176 1600 3242 quem
1644 3152 1839 3240 legat,
1884 3175 2027 3219 esse
2072 3175 2354 3242 quemve
2397 3161 2636 3221 tractet

1056 3260 1419 3349 Aeoeptum
1465 3260 1766 3354 manibus
1813 3262 2020 3328 saeris
2067 3260 2322 3350 putabit

1053 3366 1387 3433 Romanae
1429 3367 1587 3434 Pius
1632 3368 1984 3455 imperator
2026 3367 2233 3451 aulae,

1055 3473 1349 3540 Antistes
1391 3474 1542 3562 pius
1584 3472 1716 3560 ille,
1758 3482 1860 3540 ter
1903 3472 2153 3540 beatus.

1056 3687 1073 3717 ¹
1114 3690 1310 3740 Forma
1344 3685 1582 3754 genetivi
1605 3684 1837 3750 Thybris
1875 3685 2117 3737 abutitur
2152 3701 2247 3753 pro
2283 3684 2488 3737 usitata
2510 3684 2816 3753 Thybridis.
2853 3688 2938 3739 Ex
2959 3694 3117 3741 msto.

831 3777 1253 3844 trans-criptum
1289 3774 1455 3828 habui
1495 3775 1887 3841 „Laudato-⁰.

1056 3863 1079 3894 ³
1117 3865 1301 3918 Utitur
1349 3864 1406 3916 in
1456 3864 1624 3932 primo
1671 3864 1805 3931 pede
1852 3863 2033 3916 iambo
2083 3863 2154 3915 ad
2203 3863 2477 3932 exemplar
2524 3864 2745 3924 Catum.
2794 3872 2891 3918 aut
2941 3865 3118 3933 potius

836 3953 1177 4021 paenultima
1212 3953 1467 4007 adieetivi
1500 3958 1662 4021 putus
1696 3969 1793 4021 pro
1830 3952 1994 4022 longa
2028 3953 2287 4007 abutitur.
2326 3953 2480 4007 Cous.
2515 3953 2601 4006 Ad
2636 3953 2992 4009 eunomium
3028 3971 3118 4023 pg-

837 4042 966 4110 173,
1005 4046 1149 4110 XVI,
1185 4059 1236 4096 v.
1278 4040 1348 4098 14
1381 4043 1556 4112 (eom.
1595 4041 1735 4113 120).

1057 4130 1080 4163 ⁸
1116 4134 1303 4186 Mutus.
1345 4132 1703 4200 „figentque”-
