4109 5767
1766 267 2097 345 faunum.
2969 249 3099 317 361

1031 459 1199 526 Inde
1242 459 1621 525 inimicitiae
1672 468 1865 547 atque
1909 459 2043 524 iras
2088 458 2367 547 gliscere
2411 482 2641 527 saevas

868 590 967 634 so.
1031 566 1368 633 Discimus
1413 576 1478 633 et
1523 566 1759 633 fratres
1805 566 1873 631 in
1919 567 2155 633 fratres
2202 588 2485 654 surgere,
2529 577 2747 655 patres

1034 674 1115 739 In
1161 683 1348 740 natos
1396 672 1857 763 subolemque¹
1907 696 2111 740 suam.
2157 673 2492 762 Parsque¹
2537 696 2668 739 una
2713 674 2932 740 mariti

1033 781 1221 846 Uxor
1266 788 1332 846 et
1377 780 1601 846 uxoris
1646 790 1846 869 caput
1890 803 2075 845 anna
2119 780 2291 846 ciere
2337 779 2610 846 maritus

1033 887 1114 950 In
1161 884 1300 951 fata
1344 884 1639 952 ulterius:
1687 886 1849 951 (liris
1898 886 2058 951 furit
2103 885 2220 951 ills
2262 886 2553 971 venenis,

1039 993 1169 1058 Hic
1215 991 1363 1058 telis
1407 1002 1474 1058 et
1519 991 1693 1058 fuste
1737 993 2157 1059 minax....⁸.

2044 1207 2148 1216 ..-

1910 1462 2013 1527 15.

1139 1660 1245 1719 De
1294 1658 1750 1735 conceptione
1796 1659 2059 1719 Beatae
2106 1656 2416 1735 Virginis
2461 1618 2722 1718 Mariae
2741 1654 2789 1719 ⁴.

1033 1834 1363 1922 Concepta
1406 1843 1505 1899 est
1549 1855 1782 1921 expers
1826 1831 2012 1919 labis,
2058 1854 2226 1922 quae
2271 1841 2493 1921 postea
2537 1830 2889 1919 Christum,

1036 1942 1290 2029 Expers
1337 1940 1743 2027 concubitus,
1790 1940 2091 2028 concepit
2134 1950 2199 2007 et
2243 1940 2450 2008 edidit
2494 1940 2653 2027 orbi,

1035 2050 1431 2137 Erepturum
1476 2049 1625 2114 imis
1671 2048 1976 2115 mortales
2023 2048 2289 2114 sedibus
2335 2071 2566 2136 aegros

1035 2157 1244 2223 Morte
1289 2179 1427 2242 sua,
1473 2164 1538 2221 et
1582 2156 1794 2222 victor
1840 2178 2062 2223 secum
2108 2155 2408 2222 illaturus
2454 2154 2740 2245 Olympo
2759 2157 2803 2241 ⁶,

914 2284 969 2328 5.
1036 2262 1392 2328 Aeternum
1439 2261 1638 2327 nullis
1685 2261 1798 2328 ubi
1845 2261 2085 2349 degant
2130 2261 2373 2327 finibus
2418 2284 2670 2328 aevum.

1035 2370 1214 2457 Ergo
1259 2369 1390 2435 tuis
1436 2368 1534 2434 illi
1579 2368 1883 2457 precibus
1929 2392 2047 2434 nos
2094 2391 2311 2435 assere
2356 2390 2574 2456 regne,

1035 2476 1241 2563 Virgo
1286 2497 1539 2563 parens,
1584 2484 1830 2563 spectet
1874 2497 2004 2540 non
2051 2497 2188 2561 nos,
2234 2497 2364 2541 non
2411 2476 2688 2541 crimina
2732 2485 2926 2540 natus

1036 2582 1274 2647 Nostra
1319 2591 1490 2668 tuus,
1535 2580 1704 2668 largi
1750 2580 1864 2648 sed
1912 2582 2087 2649 rivos
2133 2582 2491 2669 sanguinis,
2536 2581 2670 2647 alta

1034 2690 1184 2768 Quo
1230 2708 1430 2753 cruce
1477 2687 1850 2775 dependens
1894 2697 2121 2775 gentes
2167 2710 2208 2753 a
2253 2696 2460 2754 morte
2504 2687 2773 2755 redenit.

1915 3153 2016 3219 16.

1548 3350 1658 3410 Ad
1705 3351 2007 3427 effigiem
2058 3350 2317 3414 Christi
2341 3351 2383 3413 ⁶.

1032 3525 1179 3588 Hac
1223 3523 1349 3589 iter
1392 3524 1461 3588 in
1508 3521 1762 3589 caelum
1808 3533 1924 3606 est,
1969 3533 2069 3589 est
2114 3522 2412 3591 Christus
2457 3524 2658 3589 ianua
2702 3524 2894 3606 caeli3

1142 3629 1288 3695 Hoc
1335 3628 1503 3695 duce
1550 3628 1837 3696 sidereas
1882 3629 2149 3695 tendere
2194 3628 2376 3696 disce
2422 3630 2581 3696 vias.

1043 3790 1058 3820 ¹
1098 3793 1196 3843 Μιι.
1241 3791 1670 3860 „sobolom‹1ue“,
1709 3799 1769 3843 ut
1804 3792 1983 3861 vulgo.

1036 3880 1058 3911 ¹
1098 3884 1398 3951 „Pan-squ&
1443 3882 1632 3950 scripsi
1671 3883 2010 3949 dubitanter-3
2060 3884 2116 3934 in
2166 3899 2262 3935 ms.
2301 3884 2499 3952 legitur
2540 3886 2824 3951 „parqne“.
2894 3884 3111 3948 „cist-s·

822 3973 1076 4025 infinitivi
1114 3972 1357 4026 historici
1395 3974 1510 4028 loco
1549 3973 1731 4025 habui.

1040 4060 1062 4092 ⁸
1098 4064 1218 4116 noc
1254 4063 1593 4117 hemistichio
1631 4064 1901 4116 elsuditur
1937 4081 2171 4116 carmen.

1039 4150 1061 4182 ⁴
1099 4154 1254 4204 Corn.
1298 4152 1414 4206 102.

1041 4239 1063 4269 ⁸
1098 4244 1272 4294 Locus
1310 4243 1590 4294 mendosus
1629 4250 1723 4294 aut
1758 4244 2021 4309 quaedam
2061 4243 2410 4295 anscolutbia.
2447 4242 2642 4293 durior.

1039 4327 1063 4357 ⁰
1099 4329 1254 4380 Corn.
1293 4330 1378 4383 72.

3895 4542 3929 4550 —r

3886 4557 3929 4569 ι
