4109 5767
1014 360 1091 395 ΡΗΙΙ
1111 360 1198 395 lonii

1096 812 1125 880 8.

852 1009 1101 1081 vrnounuro
1124 1034 1145 1078 a
1167 1010 1370 1102 nornen,

539 1137 614 1190 sedis
633 1138 797 1205 spostoliose
815 1139 997 1207 protonotario
1013 1139 1162 1206 nuntioque
1181 1140 1327 1207 spostoiieo
1349 1140 1383 1193 sd
1407 1140 1531 1193 inolitum
1556 1141 1686 1209 Pelopiss

620 1244 721 1296 regem,
738 1228 937 1297 sigimundum
954 1230 1115 1297 Angustum,
1134 1229 1232 1281 librum
1250 1245 1329 1282 sunus
1346 1230 1473 1285 Voiborio
1491 1229 1601 1283 minist

1098 1390 1125 1457 Ι.

648 1515 813 1603 Viuoenti,
835 1516 914 1583 Pius
937 1526 1070 1584 aeterno
1091 1540 1189 1607 quem
1211 1517 1342 1607 praesul
1366 1519 1407 1585 ob
1432 1519 1513 1587 urbe

647 1622 790 1704 Quintus
813 1626 1005 1691 sarmaticae
1027 1623 1172 1714 legatum
1194 1628 1285 1693 misit
1308 1626 1351 1693 ed
1374 1650 1448 1695 ores

647 1732 692 1797 Et
714 1731 870 1798 mandute
892 1731 992 1817 dedit
1022 1732 1131 1799 clerae
1153 1733 1232 1800 Pius
1255 1733 1379 1801 arbiter
1401 1732 1540 1819 aethrae,

646 1837 889 1926 Terrarumque
910 1839 1075 1927 marisque
1097 1840 1185 1927 nigri
1207 1840 1286 1907 Pius
1310 1840 1396 1905 ultor
1419 1841 1543 1926 averni,

587 1966 616 2011 e.
647 1944 767 2012 Omnia
789 1955 877 2012 stant
899 1946 993 2011 ouius
1016 1956 1099 2012 nutu
1121 1957 1280 2013 nuteutve
1302 1946 1478 2032 osduntve,

647 2052 811 2117 Matutino
833 2074 909 2117 suos
932 2051 1034 2117 infert
1055 2074 1121 2140 quo
1142 2053 1296 2140 gentibus
1318 2062 1409 2118 ortus

647 2158 780 2225 'lithoni
803 2180 956 2225 orooeum
977 2158 1130 2248 linquens
1152 2162 1282 2226 Aurora
1305 2159 1446 2247 eubile¹,

648 2265 860 2356 Illustretque
882 2268 989 2333 oriens
1011 2266 1112 2333 rutilo
1134 2266 1183 2333 sol
1205 2266 1356 2357 lumpude
1379 2267 1548 2353 muudum,

648 2373 788 2463 Quoque
810 2374 880 2441 dies
903 2374 1031 2441 medius
1054 2376 1162 2461 miset,
1185 2398 1226 2443 uo
1247 2398 1313 2464 qun
1335 2376 1476 2465 frigidus
1499 2377 1572 2442 exis

566 2503 616 2546 10.
647 2481 768 2547 Horret
790 2491 822 2548 et
844 2482 992 2569 algentes
1015 2504 1099 2548 oeno
1121 2484 1199 2549 nive
1221 2484 1373 2570 eouspuit
1395 2487 1523 2569 egrosi,

649 2588 788 2676 Quoque
809 2587 900 2655 levet
922 2589 1029 2655 fessus
1052 2611 1088 2655 ee
1110 2588 1244 2655 flumine
1266 2589 1417 2656 Phoebus
1440 2590 1549 2657 Ibero:

647 2694 812 2782 Vincenti,
835 2694 927 2762 salve
949 2705 982 2761 et
1004 2705 1132 2761 nostroe
1154 2718 1197 2761 ue
1220 2717 1336 2784 sperne
1358 2694 1495 2762 labores.

699 2802 861 2868 Mittimus
883 2801 946 2870 hoo
968 2801 1064 2891 quod,
1087 2802 1169 2868 iuris
1191 2825 1273 2891 opus
1296 2802 1408 2891 rude⁴,
1431 2826 1551 2869 munus
1567 2802 1685 2869 hebeto

647 2911 833 3000 Fronteque
854 2912 1011 3000 suscipito
1034 2910 1120 2977 laeto
1143 2911 1267 3001 tibique
1290 2933 1398 2979 assere
1421 2910 1546 2979 dextre.

565 3041 616 3085 re.
645 3018 804 3086 Volborin
826 3021 918 3087 veuit
939 3021 1097 3109 exiguum
1119 3020 1179 3087 tibi
1204 3042 1323 3087 munus
1346 3020 1388 3088 nb
1411 3042 1497 3108 eree

648 3128 759 3194 Iustus
783 3129 839 3195 ubi
862 3129 997 3195 nutistes
1019 3131 1124 3196 saeris
1147 3129 1349 3197 Cernoovius
1372 3129 1438 3195 aris

650 3460 836 3514 'Vincentius
859 3462 975 3527 Portteo,
1001 3463 1092 3514 bones
1116 3467 1211 3527 ustus,
1235 3460 1324 3513 nuntii
1350 3460 1391 3512 Pit
1410 3461 1435 3514 V
1452 3461 1549 3528 pontit.
1574 3458 1682 3511 nissimi

540 3565 654 3602 munere
678 3551 707 3601 tn
729 3550 843 3602 Potonis
865 3557 893 3601 et
915 3550 986 3615 epod
1010 3549 1228 3602 tissimiliuonru
1245 3550 1273 3601 11
1297 3564 1435 3603 enessrem
1454 3549 1624 3617 fungebatur.
1653 3548 1684 3599 In

539 3638 655 3690 Potonis
673 3653 697 3689 s.
719 3636 790 3690 1669
806 3638 931 3689 interfuit
944 3639 1060 3691 eemteits
1081 3638 1189 3690 Lubtini
1202 3638 1310 3690 habitis.
1330 3636 1382 3689 eeu
1401 3638 1456 3689 ism
1474 3652 1499 3689 s„
1514 3636 1584 3690 1666
1603 3635 1684 3687 eomi-

539 3728 589 3778 tiis
607 3726 827 3778 venusiensibus
845 3727 999 3780 interfuisse
1017 3728 1109 3794 ibique
1130 3727 1230 3793 Roysio
1250 3726 1422 3778 inmitisriter
1444 3742 1510 3777 usus
1536 3740 1595 3777 esse
1613 3724 1684 3775 vide·

543 3825 594 3867 tur.
614 3817 657 3866 Its
676 3818 779 3867 tectum
796 3822 846 3880 est,
864 3823 895 3867 ut
913 3817 1039 3883 Roysius,
1057 3832 1119 3868 eum
1138 3832 1162 3868 s.
1177 3814 1248 3869 1668
1260 3822 1374 3867 exeunte
1389 3812 1684 3867 Volborium'ndOsrn·

538 3906 647 3957 ossium
666 3904 810 3972 legationis
829 3905 966 3972 prnssiose
984 3920 1068 3956 osuss
1086 3920 1115 3956 se
1133 3905 1300 3970 contulisset,
1325 3904 1424 3955 librum
1443 3919 1521 3955 suum
1546 3919 1601 3954 eruo
1625 3916 1684 3953 onrn

542 3995 584 4046 his
610 3996 775 4048 osrminibns
793 3995 937 4047 Vincentio
955 3995 1117 4046 Vsrssvism
1141 3994 1253 4045 miserit.
1278 3994 1355 4045 Cous.
1380 3994 1453 4044 inirs
1477 4008 1585 4045 osrmen
1605 3992 1641 4042 1v
1658 3995 1685 4041 et

539 4099 619 4135 mese
638 4085 751 4152 polense
770 4084 804 4136 de
822 4085 922 4151 Roysio
941 4085 1076 4136 dissertet.
1095 4100 1139 4152 pr.
1159 4082 1194 4137 66
1212 4100 1251 4151 sq.
1271 4082 1310 4151 (=
1335 4082 1388 4136 106
1407 4080 1465 4149 sq.).
1493 4082 1554 4133 Hoo
1579 4093 1685 4133 onrmon

539 4182 572 4227 et
590 4175 713 4242 proxime
729 4173 839 4243 (l-lv)
856 4181 966 4226 exstent
983 4176 1012 4224 in
1030 4174 1099 4227 libro
1118 4190 1190 4226 eoru.
1209 4190 1254 4242 μς.
1275 4170 1424 4226 tte-115.

651 4260 757 4315 'Gont
776 4264 856 4331 Verg.
875 4266 941 4315 Aen.
960 4264 1007 4329 IV,
1026 4264 1088 4317 686.

650 4350 755 4403 'Geni
776 4354 870 4404 Horst.
890 4353 945 4404 Set.
964 4354 1000 4418 11,
1019 4352 1045 4419 6,
1063 4352 1097 4405 41
1118 4359 1145 4405 et
1163 4351 1275 4415 Quintil.
1296 4351 1368 4417 vm,
1386 4348 1412 4416 6,
1432 4348 1475 4403 17.

649 4441 661 4472 ⁴
680 4442 812 4493 Videntur
830 4458 889 4494 esse
908 4443 1065 4494 Dseisiones
1085 4442 1253 4493 Lituouiose.
