4109 5767
805 761 842 796 sn
860 759 974 796 cerno·
992 759 1113 796 sorores.
1459 742 1535 814 219,

494 951 591 1034 Quod
613 962 695 1041 post,
718 950 829 1019 neseio
850 950 933 1040 quis,
963 950 1117 1040 precibus
1147 950 1313 1040 pretioque
1339 948 1526 1040 redemptus

548 1061 643 1128 Feoit
664 1082 807 1147 romano,
829 1082 892 1126 neo
914 1059 1003 1146 sotis,
1024 1081 1081 1126 ore
1103 1058 1201 1147 loqui.

435 1191 462 1235 s.
493 1168 577 1236 Sunt
600 1191 678 1256 ergo
700 1169 802 1235 verbu
824 1167 969 1254 ulmeus,
995 1166 1167 1236 menduois
1188 1166 1331 1254 Mundi,

548 1276 642 1359 Quae
665 1276 755 1344 illoto
778 1299 894 1344 veeors
916 1275 1052 1366 protulit
1074 1297 1130 1343 ore
1152 1297 1262 1344 senex.

935 1524 980 1593 X.

731 1680 773 1733 Ad
791 1681 973 1734 detonsionem
990 1680 1019 1734 io
1037 1680 1185 1733 Mnudlum.

496 1811 562 1891 Qui
585 1809 646 1876 tibi
667 1811 710 1876 ds
732 1812 837 1899 patrio
860 1811 939 1878 feeit
961 1832 1109 1878 sermone
1131 1810 1278 1896 latinum,

549 1913 646 1994 Quod
669 1913 766 1980 modo
788 1916 906 1981 mentis
928 1916 1022 2002 inops
1044 1937 1080 1980 es
1104 1913 1279 1980 meditatus
1302 1935 1394 2000 opus,

497 2017 685 2084 Sermonem
708 2019 743 2083 in
765 2020 909 2107 patrium
931 2018 1052 2085 librum
1075 2017 1186 2086 hone¹
1217 2017 1245 2082 si
1267 2017 1404 2084 verterit
1433 2014 1531 2100 idern,

550 2123 618 2188 Aut
640 2122 728 2190 leotu
751 2123 925 2211 abstineas,
947 2132 1004 2190 unt
1026 2123 1088 2190 tibi
1108 2123 1175 2212 fige
1198 2143 1339 2190 orueem.

918 2371 980 2436 XI·
991 2370 1004 2410 s

533 2523 566 2572 In
584 2521 651 2574 ville
668 2523 834 2576 stoolisesnsi
852 2523 1002 2592 Augnotino
1019 2522 1144 2576 Rotnudo
1162 2539 1180 2575 s
1197 2537 1260 2591 rsgs
1278 2521 1385 2574 deusto„

497 2652 634 2718 Nullum
657 2654 842 2742 Augustino
865 2654 1036 2742 Augustus
1059 2675 1119 2720 rex
1141 2654 1259 2746 iustius
1281 2652 1383 2738 unxit

551 2761 741 2848 Praeposuit
763 2761 868 2847 terris,
890 2761 1140 2850 praeposuitque
1163 2761 1253 2827 viris.

497 2867 603 2934 Multo
625 2867 724 2956 dedit,
747 2867 801 2936 det
824 2868 940 2958 pluro3
963 2868 1049 2935 detis
1072 2868 1166 2936 deoet
1189 2866 1310 2935 addere
1332 2886 1463 2954 regern:

551 2976 639 3067 Ergo
662 2977 884 3067 Augustinnru
906 2975 980 3069 plus
1004 2976 1059 3047 det
1081 2976 1202 3046 lroboro
1224 2999 1328 3044 suum.

911 3231 991 3299 XII·
1002 3239 1016 3278 t

688 3385 782 3435 Hunos
800 3383 906 3436 Nioolst
924 3385 1043 3442 Rotundi
1062 3385 1097 3437 sd
1115 3392 1228 3451 putrent

498 3509 601 3574 Poros
622 3521 716 3597 poter
737 3512 894 3596 loerimis3
918 3515 1013 3580 eunis
1036 3535 1117 3602 puer
1139 3522 1227 3580 nstro
1249 3513 1372 3579 reliotis

551 3615 596 3680 Et
618 3637 753 3704 superos
776 3628 886 3685 tenero
909 3619 973 3685 ism
998 3619 1081 3708 pede
1104 3618 1196 3685 osloo
1219 3619 1340 3685 domos.

397 3723 401 3734 '
497 3719 575 3784 Fert
597 3719 708 3807 aliurn,
730 3723 787 3809 qui
809 3732 841 3789 te
864 3723 992 3807 soletur,
1016 3734 1120 3791 motor
1142 3725 1177 3790 in
1200 3724 1283 3811 slve,

551 3825 606 3892 Mo
629 3826 727 3914 oeelo,
750 3829 846 3894 terris
868 3826 957 3895 huno
980 3830 1133 3917 genuisse
1154 3839 1242 3918 putu

500 4053 608 4106 ¹Illum
625 4055 743 4107 Rotunrss
761 4057 960 4110 refutationem
1052 4041 1058 4064 ⁸

397 4154 401 4160 “
501 4139 610 4196 'Corn
629 4141 682 4196 347
705 4163 730 4188 υ
755 4160 808 4196 oss.
826 4142 887 4199 Μ

500 4229 607 4286 'eom
625 4230 680 4288 814
697 4250 737 4302 sq.
764 4256 789 4279 ι
813 4250 864 4300 oss.
884 4235 945 4290 223.

857 4560 1071 4570 ———.
