4109 5767
520 328 587 392 334
938 378 939 381 ,
992 350 1069 385 raras
1088 349 1176 385 acran

623 542 740 629 Deque
762 544 818 608 via
841 543 927 607 fesso
950 541 1101 608 redeunti
1123 565 1144 608 a
1165 542 1286 608 finibus
1308 541 1384 628 illia,

679 648 777 737 Quid,
799 647 887 738 quod
910 650 940 715 ei
964 650 1085 716 mensis
1109 651 1168 717 vix
1191 649 1272 715 sctis
1294 672 1366 716 csse
1387 647 1514 737 potest?
1572 641 1575 645 ’

1073 1128 1102 1191 7.

731 1316 786 1383 Ad
809 1316 1143 1383 BERNARDINUM
1167 1314 1408 1383 GOMEZIUM
1422 1322 1442 1383 ¹.

623 1497 712 1587 Ergo
736 1507 809 1563 tuos
831 1498 952 1586 peteris
974 1519 1112 1563 romana
1133 1498 1264 1585 negotia
1287 1520 1403 1563 sensus

621 1604 848 1695 Captandiqus
870 1616 956 1672 artes
979 1616 1011 1671 et
1033 1605 1178 1673 habendi
1200 1607 1316 1672 incana
1339 1604 1458 1695 cupido

621 1714 661 1780 In
685 1713 816 1780 diversa
838 1712 992 1780 trahant²
1014 1713 1124 1779 studia
1146 1724 1178 1779 et
1200 1737 1264 1779 non
1289 1714 1403 1802 primu7
1426 1712 1571 1799 Gorneai,

621 1820 683 1887 Illa
705 1820 844 1910 placent,
866 1819 987 1888 laetam
1009 1844 1093 1909 qnae
1115 1842 1292 1889 versarere
1313 1822 1482 1888 iuventam

561 1951 588 1997 s.
620 1930 663 1996 Et
686 1930 775 1996 curis
798 1928 880 1996 illud
903 1950 1047 1997 vacuum
1071 1928 1279 1996 mordacibus
1302 1951 1430 2015 aevum,

620 2039 784 2105 Excotum
807 2037 850 2105 ad
873 2037 995 2128 patrios
1019 2037 1125 2103 mutes
1148 2046 1181 2103 et
1203 2059 1338 2103 amoena
1362 2037 1476 2124 vireta,

619 2146 746 2214 Pronus
770 2146 825 2213 ubi
851 2145 960 2213 fulvas
984 2144 1089 2214 volvit
1111 2144 1324 2235 Gadulophus
1346 2168 1471 2233 arenas,

618 2256 692 2321 Non
715 2256 795 2344 ripis
817 2254 895 2320 olim
919 2264 1077 2340 assuctus,
1100 2277 1165 2320 uon
1188 2276 1322 2343 parcere
1345 2254 1479 2321 demens

617 2360 814 2447 Aggeribus,
837 2360 983 2426 tumidus
1006 2360 1130 2425 subitos
1154 2382 1230 2425 cum
1252 2360 1396 2447 concipit
1417 2359 1548 2425 imbres.

536 2489 583 2531 ro.
703 2464 784 2530 Illae
807 2466 927 2531 animis
951 2465 1089 2530 subeant
1112 2474 1207 2550 artes,
1229 2486 1268 2529 ea
1291 2464 1417 2530 discere
1440 2468 1571 2549 curae⁸,

574 2650 576 2654 Ι
617 2568 750 2635 Scilicet
772 2568 831 2634 hos
855 2568 1009 2656 pulchros
1031 2569 1132 2634 libeat
1154 2578 1294 2633 tractare
1316 2567 1453 2634 labores.

616 2673 713 2739 Culta
736 2674 796 2739 tibi
819 2674 928 2739 reddit
951 2675 1031 2739 satis
1054 2695 1120 2737 nna
1142 2672 1297 2739 Valentia
1320 2694 1446 2757 census,

615 2778 777 2845 Omnibus
799 2789 831 2845 ct
854 2779 1019 2867 quondam
1043 2778 1160 2845 saeclis
1184 2777 1393 2845 memoranda
1417 2776 1584 2865 Saguntos

614 2884 686 2974 Illa,
708 2896 782 2952 tuos
804 2887 935 2976 templis
958 2887 1080 2976 primos
1103 2908 1187 2975 quae
1210 2887 1359 2975 agnoscit
1381 2884 1528 2953 honores.

534 3017 582 3063 rs.
611 2994 741 3085 Ecquid
764 2995 873 3065 adhuc
895 2996 1001 3065 inhies
1024 2996 1150 3087 opibus,
1172 3018 1351 3087 ganamque
1373 2994 1521 3085 requiras

611 3105 793 3175 Maiorem?
817 3105 941 3192 Studiis
964 3130 1042 3197 ergo
1065 3106 1255 3175 melioribus
1278 3130 1395 3176 aevum

611 3215 781 3303 Transigc,
803 3215 889 3304 quod
914 3227 1069 3305 superest.
1092 3217 1250 3283 Veterum
1274 3226 1483 3283 monumenta
1500 3218 1647 3285 virorum

610 3322 843 3410 Nocturnuque
866 3346 965 3389 manu
989 3347 1095 3411 verso,
1118 3346 1279 3412 versuque
1302 3324 1452 3404 diuma⁴.

611 3617 619 3645 ¹
640 3619 717 3669 Corn.
738 3616 790 3671 105
808 3635 848 3687 aq.
876 3621 954 3672 Born.
974 3621 1124 3685 Gerounion,
1144 3629 1173 3672 ut
1192 3637 1226 3673 ex
1244 3621 1295 3674 hoc
1313 3621 1433 3675 carmina
1445 3620 1573 3687 conicias,
1591 3635 1645 3672 nna

501 3720 563 3756 cum
583 3707 682 3772 Royaio
701 3708 729 3757 in
748 3708 859 3759 civitate
878 3709 1061 3776 aloognicenri
1080 3711 1115 3761 ad
1133 3710 1338 3776 Guadulophum
1359 3709 1553 3776 (Guadulcpeo,
1572 3709 1644 3762 Gua-

501 3793 609 3861 dalops)
627 3802 707 3846 nctus
726 3794 762 3861 (v.
781 3796 808 3861 7)
827 3804 854 3847 ct
871 3795 1020 3864 Alcaguitil
1039 3799 1168 3849 educatus
1186 3798 1222 3865 (ν.
1242 3797 1296 3866 41),
1322 3799 1468 3851 Valenciae
1487 3806 1515 3850 et
1533 3798 1644 3865 Sagunti

500 3880 676 3947 (Murriedro)
701 3885 913 3937 swardotalibus
938 3886 1099 3952 quibusdam
1118 3885 1379 3952 muneribua(v.12
1397 3887 1448 3955 aq.)
1472 3887 1644 3954 mmmm,

501 3971 599 4037 quibus
617 3988 671 4024 non
689 3980 838 4039 coutuntur,
857 3982 887 4026 ut
906 3976 940 4027 ad
959 3976 1093 4041 ampliora
1111 3975 1295 4042 feramoraqus
1313 3982 1522 4042 promoveretur,
1541 3974 1644 4028 curiam

501 4076 641 4113 romanam
660 4062 803 4115 ambiundo
822 4064 989 4117 sollicitabat
1007 4064 1043 4131 (v.
1064 4065 1078 4117 1
1098 4065 1156 4132 ιφ).

608 4147 735 4216 'qugot
762 4152 880 4216 „putoris
900 4154 1022 4202 ltomsns
1040 4153 1149 4219 ansgotia
1167 4152 1347 4219 captandique
1371 4160 1444 4205 artes
1462 4159 1490 4204 et
1508 4151 1572 4205 hab.
1591 4153 1642 4203 lna.

500 4235 597 4302 cupido
617 4237 727 4290 trahant
744 4246 804 4291 tuos
823 4257 925 4293 sensus.

609 4325 694 4379 'acii
715 4330 758 4381 ait.

608 4415 618 4446 ⁴
638 4418 732 4471 Horat.
753 4420 836 4486 Epist.
856 4422 891 4486 11,
910 4421 936 4486 Β,
956 4438 980 4473 r.
1000 4420 1061 4475 269.

483 5183 1954 5655 3
