4109 5767
565 346 640 411 sor
1050 359 1235 395 emnem

676 556 754 645 Fac,
776 566 809 624 te
832 554 950 645 legato,
973 556 1126 623 menibus
1149 565 1222 646 post
1243 566 1337 645 tergo
1359 554 1469 644 ligetis

734 664 776 735 Iu
798 664 872 735 loco
894 663 1047 759 supplicii
1070 676 1148 734 notu
1170 664 1301 735 rebellis
1323 675 1384 735 cat.

678 779 745 847 Det
766 800 897 869 poenes,
919 778 976 869 qui
1000 800 1036 845 se
1058 776 1188 847 Christo
1211 777 1340 845 intutus
1362 787 1394 846 et
1418 800 1495 846 eree
1517 786 1575 866 est,

593 911 650 955 eo.
736 889 832 973 Arse,
855 888 982 953 romani
1005 909 1104 975 quem
1128 897 1270 953 statuere
1291 897 1409 976 patres.

598 1033 600 1036 ·
674 993 880 1083 Supplicium
901 1004 1020 1081 sontes,
1043 995 1188 1061 insontes
1210 995 1297 1060 iuste
1320 1003 1499 1082 sequentur

722 1101 886 1167 Praemicr
908 1102 958 1166 sic
980 1122 1076 1167 socru
1098 1124 1150 1167 res
1173 1100 1307 1189 publice
1328 1112 1415 1167 stare
1438 1110 1550 1189 potest

677 1206 733 1272 Sic
755 1206 825 1293 tibi,
848 1206 1013 1292 Vincenti,
1036 1208 1154 1273 victori
1178 1218 1211 1273 et
1233 1228 1369 1273 munere
1392 1208 1505 1272 functo

730 1311 808 1376 Iure
830 1333 926 1377 sunm
949 1311 1060 1378 iubeat
1084 1311 1237 1378 claudere
1258 1334 1345 1400 pepe
1366 1309 1462 1397 letus,

587 1438 643 1482 ss.
674 1415 718 1482 Et
740 1428 797 1483 tue
820 1439 923 1483 svers
945 1418 1066 1483 rubens
1089 1418 1236 1506 speciose
1258 1418 1389 1505 galerus
1412 1417 1575 1483 inumbret

729 1526 901 1613 Tempore,
924 1525 1126 1614 temporibus
1148 1526 1295 1614 praemio
1317 1526 1418 1614 digne
1440 1526 1514 1593 tuis.

1110 1720 1174 1787 111.

675 1846 738 1932 Me,
760 1844 877 1934 legate,
898 1845 994 1936 ligus,
1012 1885 1058 1896 —
1081 1846 1246 1935 Vincenti,
1268 1847 1386 1934 vincis,
1408 1855 1444 1912 ut
1464 1844 1552 1913 idem

729 1953 903 2020 Porticus¹
926 1953 1012 2021 ultro
1036 1954 1154 2021 umbre
1176 1978 1229 2021 me
1252 1965 1335 2043 tege,
1358 1976 1486 2044 quaeso,
1509 1964 1575 2020 tus

675 2062 746 2130 Abs
769 2071 802 2130 to
825 2061 923 2130 dulce
945 2062 1025 2129 mibi
1050 2074 1100 2130 cst
1122 2064 1221 2152 vinci,
1243 2064 1303 2131 obs
1326 2072 1358 2131 to
1381 2061 1478 2129 dulco
1499 2061 1605 2151 ligeri,

728 2174 817 2239 Dum
842 2184 899 2239 tuo
922 2196 983 2261 mc,
1005 2196 1071 2263 quc
1094 2184 1143 2240 ost
1166 2171 1212 2239 nil
1236 2173 1371 2262 gratius,
1394 2172 1512 2239 umbre
1534 2181 1631 2261 tegat.

674 2492 775 2558 Vinci
797 2493 981 2581 vincirique
1004 2515 1025 2557 u
1047 2492 1219 2581 legatoque
1240 2493 1338 2580 ligeri

729 2598 854 2685 Scripsi
877 2598 983 2685 dulce,
1007 2620 1073 2663 uno
1096 2622 1148 2663 me
1170 2610 1259 2685 teget
1282 2599 1398 2664 umbre
1420 2597 1525 2663 modo.

676 2700 711 2768 Si
734 2723 851 2767 verum
872 2702 944 2787 hoc,
966 2704 1079 2787 nostri,
1102 2704 1240 2790 quoeris,
1267 2724 1350 2790 quae
1374 2724 1475 2767 ceusu
1497 2702 1666 2767 recessus?

728 2808 792 2872 Pes
815 2806 989 2893 fecithoc,
1012 2810 1146 2874 vinctus
1169 2830 1234 2873 non
1257 2806 1422 2874 fecithoc
1445 2808 1582 2873 suimus

615 2935 642 2978 s.
673 2913 705 2979 It
727 2935 794 3001 pcs,
818 2913 930 2981 vinclc
955 2924 1078 3001 negant
1099 2913 1246 2979 culmum
1270 2912 1446 2999 discedere,
1468 2936 1534 3003 qne
1557 2914 1629 3003 quis

729 3022 791 3086 Est
812 3020 921 3105 h0m03
946 3044 1023 3087 nem
1047 3044 1165 3110 corpus
1188 3021 1267 3111 quid
1290 3021 1354 3087 nisi
1376 3021 1482 3110 putris
1505 3020 1644 3086 humus?

676 3126 833 3215 Quisquis
856 3152 891 3194 es
914 3151 1001 3217 crgo,
1025 3128 1130 3196 ullum
1152 3152 1251 3219 perce
1273 3130 1472 3217 exprobrare
1493 3150 1666 3213 recessum,

729 3235 777 3301 Te
799 3258 819 3300 e
842 3247 950 3302 mente
973 3248 1031 3303 sut
1054 3238 1159 3303 iurem
1184 3236 1317 3304 volvere
1340 3236 1564 3303 Volborium².

675 3467 684 3498 ¹
704 3469 753 3520 Est
771 3483 868 3521 nornen
887 3469 980 3538 qsutil.
1000 3468 1093 3533 leuati.

677 3556 688 3589 ¹
707 3560 832 3611 Ocuuine
850 3561 901 3613 boc
920 3561 1080 3628 respondere
1098 3560 1204 3613 uidetur
1223 3562 1253 3613 ll.
1274 3559 1364 3613 iuvidu
1383 3558 1499 3627 cuidusu,
1524 3560 1568 3628 qui
1594 3557 1713 3613 csurrulno

569 3665 702 3716 anonymo
720 3651 809 3717 ipsum
826 3650 941 3703 irriserit
959 3652 1037 3718 quusi
1057 3668 1157 3703 vonum
1169 3650 1386 3719 urenducemque,
1404 3650 1475 3718 quod
1487 3650 1605 3718 pervelle
1617 3666 1645 3702 so
1657 3665 1714 3701 uns

566 3756 631 3792 cum
651 3742 793 3794 Vincentio
818 3758 877 3794 esse
901 3742 1054 3809 scripsisset
1078 3742 1170 3811 (cerm.
1189 3743 1248 3811 lll),
1273 3743 1446 3795 nihilomiuus
1471 3750 1562 3795 tumen
1581 3741 1715 3793 l'srssrie

569 3847 587 3882 s
606 3831 749 3882 Vincentio
768 3832 925 3883 Volborinm
943 3832 978 3884 sd
997 3833 1176 3885 Csmcovium
1193 3833 1368 3886 discessisset.
1396 3834 1482 3897 Quem
1508 3847 1564 3884 rem
1582 3846 1713 3884 excussus

569 3921 603 3972 R.
623 3921 774 3988 suspicetur
791 3921 955 3974 malevolum
973 3923 1106 3974 bominem
1126 3923 1202 3974 illum
1221 3924 1340 3975 invidere
1364 3923 1417 3990 ipsi
1436 3923 1551 3975 amicum
1570 3920 1714 3989 hospitem-

564 4027 621 4078 que
640 4012 818 4064 Coracesium
836 4012 917 4080 idque
935 4020 1014 4067 scuto
1040 4014 1164 4066 volvendi
1183 4016 1265 4067 verbo
1290 4014 1408 4080 (voluere
1427 4030 1445 4067 s
1462 4021 1552 4067 ruente
1574 4036 1598 4059 =
1624 4013 1716 4065 detur-

567 4100 636 4151 bsre
654 4100 688 4151 de
706 4099 806 4168 mente)
825 4102 860 4152 sd
878 4103 1035 4154 Volbcriurn
1055 4103 1197 4155 alludendo
1216 4104 1348 4170 exprimit.
