4109 5767
606 695 676 764 238
1085 715 1161 750 rerer
1182 715 1278 750 mezu.

608 783 913 805 3-—.——D—*
920 783 1182 792 .-———..—-
1186 783 1415 792 ----—.--
1419 783 1749 806 --—-——-=

715 907 843 990 Quem¹
866 909 977 998 nequit
1000 920 1139 997 epotare,
1161 919 1194 975 et
1216 932 1280 997 quc
1304 932 1339 975 se
1362 909 1476 975 liberet
1499 919 1582 993 astu,

715 1017 869 1086 Nesciat’
893 1016 1022 1084 infelix:
1046 1027 1092 1084 tet
1115 1029 1229 1084 contra
1252 1016 1386 1106 luminu,
1409 1029 1521 1084 contre

613 1150 679 1196 uns.
714 1128 775 1194 Tot
798 1127 916 1216 vigiles
939 1127 1025 1194 oculi
1049 1138 1082 1195 ct
1105 1150 1169 1194 nen
1193 1128 1325 1196 conscia
1347 1150 1480 1218 parcere
1503 1125 1614 1217 pubes.

715 1240 819 1327 Saepe
841 1237 915 1305 aliis
937 1237 1050 1304 oculos
1073 1236 1137 1303 alic
1160 1236 1366 1304 volvent-ibus
1389 1260 1501 1304 amens

714 1345 808 1414 Olnm
831 1345 910 1414 dare
932 1348 1069 1414 tentavit
1093 1345 1229 1430 sumaim
1252 1369 1349 1434 saepe
1372 1344 1426 1412 illc
1448 1345 1563 1412 retexit

716 1453 912 1521 Fraudantis
935 1453 1095 1540 dextram,
1118 1477 1215 1543 eacpe
1239 1454 1323 1520 ultre
1346 1455 1489 1544 prodidit
1512 1455 1630 1520 audax.

716 1561 828 1628 Mensa
852 1561 938 1627 idem
962 1561 1075 1626 subter
1098 1561 1222 1646 furtim,
1245 1561 1273 1625 si
1297 1559 1496 1626 abscondere
1522 1562 1631 1648 possit,

672 1719 679 1733 .
714 1665 855 1753 Molitus,
877 1668 979 1733 risum
1003 1665 1183 1755 deprensus
1207 1668 1310 1732 movit
1332 1678 1365 1732 et
1388 1667 1431 1731 ad
1454 1689 1489 1732 sc

714 1772 847 1842 Oratore
870 1773 984 1839 irrisus
1007 1773 1120 1856 traxit3
1144 1772 1318 1839 violentius
1340 1773 1463 1838 instant

713 1881 808 1948 Tunc
830 1903 951 1967 omnes,
974 1879 1075 1967 bibat,
1097 1891 1130 1946 et
1152 1879 1286 1968 lengum
1311 1881 1405 1946 finire
1427 1878 1570 1946 laborem

712 1987 848 2076 Cogitet.
876 1986 938 2055 Ille
960 2010 1082 2073 amens,
1105 1988 1206 2053 animi
1229 1987 1389 2074 turbatus,
1413 1998 1449 2053 ut
1471 1988 1587 2075 ingens

714 2095 786 2161 Hoc
809 2118 891 2161 onus
915 2119 934 2160 a
958 2118 1028 2160 sese
1051 2092 1185 2160 tandem
1207 2093 1374 2183 propellat,
1397 2095 1518 2182 iniquis

670 2251 677 2266 .
713 2199 894 2266 Haustibus
917 2199 1114 2286 accelerans,
1136 2210 1205 2266 toto
1227 2222 1298 2266 sese
1320 2200 1435 2286 irrigat
1458 2221 1546 2264 auro.

803 2307 894 2373 Haec
917 2305 995 2372 dum
1020 2306 1151 2373 diversa
1175 2329 1305 2372 mensae
1329 2306 1395 2372 sors
1418 2317 1509 2395 parte
1531 2315 1698 2391 geruntur,

712 2416 839 2481 Furtim
862 2413 946 2480 alius
970 2436 1041 2480 sese
1064 2415 1183 2480 tacitus
1206 2413 1360 2480 subducit
1381 2424 1413 2480 et
1437 2411 1553 2498 aufert,

711 2523 781 2588 Nec
804 2524 939 2588 sufferre
962 2527 1089 2611 potest⁸
1111 2522 1228 2605 longae
1251 2521 1383 2587 fastidia
1406 2543 1538 2586 mensae

713 2629 897 2719 l’oculaque
920 2630 1025 2697 invita
1049 2631 1142 2696 toties
1166 2631 1330 2696 venientia
1354 2629 1478 2696 dextre.

669 2788 676 2804 .
712 2737 849 2805 Mictum
872 2736 956 2804 alius
980 2738 1075 2824 fingit
1098 2759 1168 2803 sese
1190 2759 1363 2825 properare
1387 2736 1542 2825 fugitque,

712 2847 802 2911 Dum
825 2846 923 2911 sentit
946 2846 1078 2910 iamiam
1103 2844 1276 2910 furientem
1300 2867 1426 2910 summe
1449 2845 1598 2933 Lyaeum

712 2953 755 3017 Et
778 2952 878 3041 pudet
901 2954 934 3016 in
958 2963 1050 3017 tants
1073 2974 1203 3017 mensae
1227 2950 1439 3017 succumbere
1462 2949 1567 3016 turba.

711 3059 783 3123 Mos
806 3068 889 3123 totos
912 3067 1023 3145 potere
1048 3057 1126 3144 dies,
1149 3070 1181 3122 et
1204 3068 1349 3144 tempera
1372 3057 1496 3121 somni*

713 3165 862 3251 Iungere,
885 3187 945 3230 nec
969 3163 1060 3230 cellis
1083 3165 1227 3250 requiem
1250 3163 1329 3229 dare
1352 3185 1478 3249 semper
1499 3164 1628 3249 apertis.

804 3273 999 3338 Humentem
1023 3273 1118 3336 terris
1141 3271 1255 3336 abiens
1278 3269 1325 3335 soi
1349 3269 1492 3336 reddidit
1516 3269 1674 3354 umbram,

709 3379 792 3448 Cum
819 3391 950 3446 ventum
974 3377 1015 3444 ud
1041 3402 1169 3445 mensus
1193 3390 1264 3469 quest
1288 3377 1404 3468 pocula
1426 3377 1515 3444 mille
1538 3375 1709 3462 circumdas,

712 3489 833 3576 Epotns
856 3499 927 3577 pnst
950 3487 1039 3554 mille
1063 3489 1171 3574 cados,
1195 3498 1266 3576 post
1290 3510 1393 3576 paene
1415 3488 1545 3553 relictas

711 3595 898 3661 belmustus
922 3595 1030 3663 cellas.
1060 3594 1122 3662 'Pet
1146 3598 1266 3683 upcrtis
1290 3596 1434 3684 undique
1456 3595 1545 3661 vasis

710 3703 814 3789 Felix,
836 3726 933 3791 quem
956 3726 1088 3770 mensae
1111 3704 1272 3770 invictum
1296 3704 1408 3770 videre
1431 3702 1593 3770 secundae

668 3859 675 3873 .
709 3810 920 3876 Constantem
944 3810 1082 3898 pedibus
1106 3809 1289 3875 velvcnduc
1311 3822 1344 3876 ct
1367 3831 1501 3875 munere
1523 3808 1664 3893 linguae,

708 3917 777 3982 Nec
802 3917 1069 3982 succumbentem
1092 3916 1217 3982 baccho
1240 3917 1429 4004 circumque
1452 3917 1608 3981 ferentem

709 4024 854 4090 Incertus
877 4023 988 4090 oculos
1011 4036 1165 4112 astrisque
1188 4036 1285 4112 utque
1307 4047 1363 4090 cru
1386 4033 1585 4090 trementem.

709 4133 890 4198 Instaurari
913 4133 1032 4198 iterum
1056 4156 1184 4198 mensas
1208 4145 1240 4198 et
1264 4134 1342 4198 vinu
1365 4133 1477 4220 reponi

710 4239 779 4305 Nec
803 4241 890 4304 vinis
914 4241 1003 4327 parci
1027 4240 1192 4326 regalibus
1215 4241 1353 4326 imperat
1376 4238 1501 4327 hospes.

605 4369 675 4414 rut.
709 4349 855 4435 Apparet
878 4349 998 4413 mensis
1024 4371 1116 4413 rarus
1140 4349 1282 4413 conviva
1307 4346 1473 4429 secundis3

604 4476 810 4484 ——-—-

713 4529 720 4558 ¹
741 4529 803 4578 bisti
826 4532 953 4592 „(prurn“.

711 4617 722 4647 ¹
741 4619 787 4670 sic.

710 4706 846 4758 'Matium
869 4709 954 4771 „Nam
974 4709 1083 4759 sufferre
1104 4709 1222 4774 nequit“.

710 4797 720 4825 ⁴
741 4797 817 4846 Uera.
840 4799 981 4862 „semnis“‚
1003 4814 1077 4849 narr.
1100 4799 1227 4861 „sernni“.
