4109 5767
701 747 723 799 L
1203 760 1358 795 aeternio.

865 844 910 849 -...
949 843 1052 850 ——--
1066 843 1073 848 -
1087 842 1244 849 ..-....——--·
1257 842 1309 849 0—..
1317 843 1748 851 --..--.---.-.-——-—--.--
1763 843 1809 849 «-

703 956 825 1044 seripta
850 954 962 1020 Ioanni
979 951 1197 1037 Oeehanevio
1222 966 1389 1041 poetmum
1407 952 1597 1041 polonorum
1613 966 1679 1018 tum
1694 956 1811 1043 principi

701 1064 870 1131 debentur.
912 1064 942 1129 Is
973 1064 1060 1130 euim
1093 1064 1138 1128 itu
1169 1062 1211 1129 de
1233 1086 1271 1127 eo
1295 1061 1420 1127 iudicat
1443 1061 1530 1132 fodit.
1555 1084 1681 1129 vursau.
1702 1062 1758 1129 voi.
1778 1063 1807 1127 II

701 1175 804 1263 epigr.
828 1176 897 1257 33):

867 1303 968 1353 Ultima
987 1311 1013 1353 to
1033 1300 1157 1368 produxit
1177 1301 1273 1363 Iberia,
1293 1299 1370 1351 docte
1390 1300 1481 1365 Itoyai,

919 1392 1024 1443 Erudiit
1046 1392 1160 1453 Latium,
1179 1391 1304 1442 sarsinatis
1324 1406 1371 1440 ora
1391 1392 1471 1451 foret,

865 1482 921 1531 Nee
940 1496 1005 1545 gaus
1025 1479 1082 1530 ullo
1101 1480 1168 1531 adse
1187 1488 1228 1529 est
1246 1496 1263 1529 a
1281 1479 1358 1529 nobis
1376 1479 1480 1541 dimite,
1500 1495 1552 1543 quo
1570 1496 1623 1529 non

921 1568 1024 1635 Ingenii
1044 1575 1167 1633 penetret
1185 1570 1260 1618 sarna
1278 1567 1395 1618 seeundo
1415 1568 1463 1618 tui.

704 1691 805 1759 Aliud
837 1692 982 1757 eiusdem
1013 1693 1215 1780 epigramma
1246 1691 1300 1774 (ib.
1324 1692 1379 1772 fb)
1411 1692 1558 1754 earmina
1588 1689 1629 1754 ab
1661 1713 1695 1754 eo
1722 1690 1811 1778 Royzi

704 1799 790 1864 dono
813 1800 912 1862 missu
935 1820 1006 1863 esse
1030 1796 1186 1862 declarat:

865 1942 946 2009 Spien
965 1942 1045 1992 datur
1063 1942 1162 2003 Cereri,
1180 1941 1294 2005 prrfebra
1311 1942 1391 1992 datur·
1411 1956 1464 1991 uva
1485 1942 1582 2005 Lyaeo,

922 2032 1045 2081 Floribus
1064 2037 1174 2080 oriuntur
1193 2031 1297 2080 Chloris
1316 2039 1344 2080 et
1362 2031 1422 2094 ipsa
1440 2029 1509 2080 suis:

866 2122 925 2171 IIoe
943 2128 1022 2185 paeto
1042 2135 1127 2184 nerpuo
1146 2134 1195 2184 ago
1215 2119 1306 2168 videor
1324 2135 1423 2181 errare,
1441 2120 1534 2184 tropei,

918 2209 979 2273 Qui,
999 2209 1122 2274 ‹poenaris
1140 2210 1206 2272 vati,
1225 2209 1347 2259 earmina
1365 2208 1434 2258 dono
1453 2209 1511 2271 tibi,

705 2316 770 2382 alia
793 2318 964 2383 convietus
989 2315 1159 2381 familiaris
1185 2316 1353 2403 utriusque
1376 2316 1437 2381 viti
1455 2314 1543 2381 afara
1564 2327 1695 2381 servunt
1711 2315 1811 2399 vestig

706 2426 761 2508 (ib.
785 2426 841 2509 233
866 2424 951 2491 eonf.
975 2423 1019 2511 11,
1043 2447 1095 2512 pg.
1119 2424 1194 2507 356,
1221 2427 1287 2507 14):

813 2556 888 2618 erae
908 2554 974 2604 bnae
994 2560 1035 2603 est
1053 2552 1165 2615 inuidia,
1183 2568 1199 2601 o
1219 2552 1324 2603 Phoebo
1343 2552 1440 2603 dilecto
1460 2551 1552 2616 tropat,

814 2646 849 2695 ut
868 2660 928 2695 eum
949 2644 1089 2694 socraticis
1108 2643 1273 2694 serruenibus
1291 2651 1318 2694 ot
1337 2643 1393 2694 saie
1413 2643 1496 2693 irruite

815 2738 856 2785 Me
876 2736 1046 2801 ruoprersisses
1066 2735 1188 2801 priorum,
1207 2734 1395 2801 apertinentibus
1414 2734 1483 2784 idom

813 2827 874 2876 Mox
893 2827 992 2890 paterIs
1013 2826 1142 2891 plenoque
1162 2826 1300 2877 incautum
1320 2826 1479 2876 immerseris
1499 2831 1583 2875 auro?

812 2919 900 2967 Aurea
920 2924 948 2965 ut
967 2916 1016 2965 iila
1035 2915 1141 2981 quidem
1161 2924 1208 2964 tna
1225 2915 1298 2964 dictu
1318 2930 1461 2979 omnesque
1480 2914 1583 2979 lepores

814 3005 968 3056 Exciderint
987 3006 1022 3053 mi
1043 3005 1140 3068 animo,
1159 3019 1244 3068 noque
1264 3004 1406 3069 quiequam
1426 3011 1533 3068 praeter
1552 3003 1645 3054 iaccho

814 3095 898 3144 I’Ieua
915 3094 1023 3143 donrurn
1043 3092 1179 3142 attulerim
1199 3100 1227 3142 ot
1244 3109 1337 3141 uonruo
1357 3092 1482 3142 tentantia
1500 3093 1620 3143 rrreurbra

704 3216 848 3302 Royzius
880 3216 1023 3299 eorporis
1055 3214 1163 3278 oolore
1193 3226 1264 3279 erat
1294 3215 1387 3278 fuseo
1418 3216 1475 3298 (ΙΙ,
1498 3218 1572 3298 226,
1596 3215 1727 3297 XXII),
1761 3215 1811 3280 vu?

706 3342 808 3408 paene
831 3317 978 3399 deformi,
1002 3318 1105 3384 oeulis
1129 3319 1347 3383 eminentibus
1372 3320 1530 3406 lituisque,
1553 3320 1654 3383 etita
1678 3318 1806 3382 debilib

706 3438 741 3492 ut
764 3426 806 3491 ad
829 3449 941 3491 eorum
966 3428 1034 3491 vim
1058 3425 1304 3490 sustentandam
1329 3427 1442 3492 vitreis
1473 3426 1519 3490 uti
1545 3448 1647 3513 usque
1671 3437 1808 3512 cogeret

706 3534 847 3599 Barbam
871 3533 1036 3597 nutriebat
1059 3535 1221 3598 intonsam
1245 3535 1303 3620 (II,
1326 3534 1401 3618 226,
1424 3533 1543 3617 ΧΧΙΙ;
1568 3535 1643 3618 238,
1660 3533 1811 3599 LXIVs

705 3641 771 3707 253
799 3664 879 3729 sqq.;
911 3640 994 3729 Reyi
1026 3641 1228 3727 epigramma
1257 3664 1357 3728 surpra
1387 3640 1615 3727 designatum).
1657 3641 1811 3707 Valetud?

706 3748 808 3813 fuisse
830 3770 904 3813 eum
922 3748 1059 3813 infirma.
1084 3749 1275 3835 praesertim
1292 3747 1440 3813 febribus
1457 3748 1607 3834 obnoxia,
1630 3770 1673 3813 ex
1690 3749 1752 3833 eis,
1777 3772 1811 3835 qr

706 3878 806 3943 supra
829 3854 870 3919 de
893 3856 962 3919 eius
986 3856 1055 3921 vita
1078 3854 1191 3941 adtuli,
1215 3857 1293 3920 satis
1317 3855 1431 3921 elucet.
1462 3856 1500 3920 In
1525 3856 1765 3921 Deeisionibus
1791 3880 1810 3919 e

705 3963 889 4049 Iituaniois,
921 3962 1129 4030 Franeofurti
1162 3965 1205 4029 ad
1228 3966 1381 4030 Moenum
1404 3988 1434 4030 a.
1460 3966 1544 4030 1570
1568 3966 1656 4054 typis
1680 3987 1809 4053 expres

707 4073 740 4137 in
765 4074 869 4161 prima
892 4071 1006 4136 charta
1030 4071 1159 4137 titulum
1184 4072 1257 4137 libri
1283 4072 1459 4158 exhibenti,
1486 4085 1593 4139 exstat
1616 4071 1790 4138 delineata

706 4182 773 4246 eiee
797 4202 969 4245 consessus
993 4179 1139 4245 iudieum
1162 4181 1196 4244 in
1220 4182 1329 4244 eausis
1352 4181 1587 4268 eognoseendis
1610 4190 1811 4268 oeeupntorr

704 4287 744 4352 In
768 4310 831 4374 quo
854 4308 1009 4351 eousessu
1034 4287 1143 4372 imago
1166 4287 1297 4371 iudicis,
1330 4287 1490 4354 adversus
1514 4287 1700 4375 praesidem
1727 4289 1765 4351 in
1791 4285 1811 4350 b

704 4395 810 4482 prima
833 4392 998 4478 eolleeata,
1029 4406 1095 4458 tam
1119 4405 1274 4459 aeeurate
1298 4396 1399 4460 refert
1423 4394 1514 4462 vultu
1539 4418 1590 4481 ea,
1620 4416 1710 4481 quae
1736 4394 1811 4484 ltoy

705 4502 836 4589 propria
860 4499 963 4565 fuisse
985 4501 1082 4566 modo
1105 4503 1230 4587 monui,
1262 4513 1296 4568 ut
1319 4524 1391 4568 eam
1414 4524 1486 4568 esse
1508 4502 1624 4592 Royzii
1649 4502 1774 4589 ipsius,
1802 4505 1811 4565 f

705 4619 791 4674 tasse
814 4608 857 4673 ad
880 4606 1049 4695 exemplar
1072 4633 1092 4674 a
1107 4610 1254 4675 Tricesio
1274 4620 1422 4697 paratum
1439 4632 1636 4697 expressam,
1661 4628 1747 4675 eum
1767 4610 1811 4674 fa·

706 4736 896 4802 persuasum
913 4713 1078 4801 lraberem,
1094 4739 1192 4803 supra
1209 4716 1294 4780 Inter
1307 4741 1358 4804 pg.
1370 4716 1456 4783 VIII
1469 4728 1564 4805 utque
1577 4717 1628 4781 IX
1643 4717 1811 4805 repetend

706 4840 902 4886 euraverrm.

1172 4916 1384 4924 -—-——-———--—-
