4109 5767
1035 817 1113 852 ΙΙΤΙΙ
1133 816 1221 853 loni!

558 1028 630 1073 us.
664 1006 882 1095 Vmsndoque
903 1005 985 1073 alios
1007 1006 1174 1077 meliorem
1196 1008 1308 1073 vivers
1329 1008 1433 1074 vitam

662 1114 757 1187 Mora
776 1114 895 1186 dobere
916 1136 989 1200 suo,
1007 1113 1116 1201 ruptis
1136 1136 1179 1185 na
1199 1113 1329 1201 legibus
1350 1114 1430 1187 illos

661 1222 881 1295 'lbsnsversoe
902 1220 1043 1309 populus
1066 1220 1154 1287 mela
1175 1220 1256 1291 ferri
1276 1222 1311 1289 in
1334 1222 1473 1289 erimina
1494 1231 1616 1309 uemut,

663 1328 818 1421 Quosque
839 1330 914 1399 visa
936 1328 980 1395 ud
1002 1351 1138 1419 superos
1160 1338 1193 1397 et
1214 1328 1342 1403 Divum
1362 1328 1485 1419 gaudia
1505 1328 1592 1399 laets

662 1438 824 1507 convenit
844 1460 917 1507 esse
939 1436 1051 1525 duues,
1073 1438 1229 1507 miserum
1251 1438 1313 1505 sub
1335 1446 1459 1507 urum
1479 1438 1600 1527 vulgus

557 1570 629 1641 sse.
662 1547 710 1622 Hi
731 1568 847 1619 seeum
866 1566 1088 1635 praecepsque
1108 1544 1240 1616 uehunt
1261 1545 1481 1635 damnentqus
1498 1546 1679 1635 gehennae,

661 1656 886 1741 Aeternasqne
908 1652 1017 1722 ierunt
1038 1652 1126 1719 laets
1146 1675 1209 1741 pru
1226 1652 1301 1719 lues
1322 1651 1483 1720 tenebras

751 1760 884 1848 Aspicis
906 1769 943 1825 ut
965 1758 1075 1827 medis
1096 1760 1188 1825 vivut
1209 1758 1423 1847 seprahensus
1445 1762 1482 1827 in
1504 1760 1585 1827 urbe

662 1866 861 1958 Presbyter?
892 1866 958 1932 Hie
980 1864 1054 1931 lites
1077 1887 1205 1954 semper
1226 1876 1321 1933 sonet
1341 1876 1375 1935 et
1397 1866 1468 1937 fora
1489 1868 1590 1933 surda

662 1975 875 2063 Importunas
894 1982 984 2040 nnat
1004 1994 1185 2062 pacemque
1206 1972 1324 2060 fatigat
1345 1974 1494 2062 amioum,

557 2106 629 2149 sss.
663 2082 840 2151 Sauras-um
861 2082 998 2169 ignarus
1021 2103 1141 2167 rarum,
1163 2090 1304 2147 uastare
1325 2080 1383 2151 sed
1405 2082 1493 2151 idem

662 2190 782 2277 Iurgia,
798 2187 924 2275 doetus,
945 2198 1017 2255 erut
1039 2198 1182 2273 quantus
1204 2210 1271 2257 non
1293 2186 1460 2276 Scaevoia,
1481 2212 1546 2267 non
1570 2198 1615 2277 tu,

663 2296 784 2363 Inclita
806 2296 861 2363 eui
883 2317 1041 2383 magnum
1064 2294 1230 2383 quondam
1252 2294 1342 2365 dedit
1365 2295 1485 2365 Assius.
1502 2319 1620 2363 nomen
1631 2301 1653 2363 ¹.

662 2404 736 2470 Lite
757 2400 847 2468 mala
867 2402 974 2469 socios
995 2424 1017 2468 s
1039 2403 1142 2468 saeris
1166 2413 1282 2469 avocat
1305 2403 1380 2489 uuis,

662 2510 902 2598 contentusque
925 2531 985 2577 suo
1006 2532 1111 2600 parva
1132 2510 1337 2599 requiesuere
1358 2512 1393 2577 in
1415 2510 1496 2579 sede

557 2644 628 2689 suo.
662 2618 763 2687 Iqud
786 2619 864 2686 sinit
885 2617 1068 2707 impatiens,
1092 2618 1221 2687 modiuu
1243 2630 1277 2687 et
1298 2618 1381 2709 stipu
1403 2620 1516 2689 vivere
1536 2618 1649 2708 lusus,

660 2728 863 2815 Linquentes
884 2726 941 2793 alii
963 2750 1033 2814 suu,
1056 2726 1103 2793 nil
1125 2726 1199 2816 plna
1222 2749 1378 2816 quaerere
1398 2738 1500 2819 purte.

660 2834 741 2900 Alta
762 2834 848 2901 nlius
869 2856 985 2922 regum
1007 2856 1243 2924 procerumque
1264 2834 1387 2924 palatis
1405 2836 1519 2904 sollers

662 2942 800 3023 Quaerit
821 2951 854 3006 et
876 2940 1031 3028 obsequio
1053 2942 1135 3029 petit
1157 2940 1348 3009 ambitiosus
1369 2940 1516 3028 honores,

661 3049 715 3134 Et,
737 3070 835 3135 quum
858 3046 935 3133 sris,
957 3046 1083 3113 msvult
1105 3046 1194 3113 aulis,
1213 3048 1340 3116 ssuuire
1357 3057 1533 3135 potentum.

558 3178 628 3223 sus.
661 3154 746 3221 Inde
768 3176 879 3224 saeros
901 3175 1028 3241 sensus,
1052 3175 1179 3221 saeuam
1202 3176 1332 3242 speruus
1355 3156 1480 3242 tisiam,

661 3263 745 3330 Inde
766 3261 889 3352 pedum
910 3261 997 3348 lieet,
1020 3272 1053 3330 st
1075 3263 1188 3351 magni
1210 3285 1287 3351 pura
1308 3284 1379 3330 esse
1401 3272 1543 3331 senatus

662 3370 801 3459 Laudat,
824 3368 988 3457 adulatur,
1010 3392 1051 3437 ea
1073 3370 1198 3440 semina
1220 3370 1325 3441 eredit
1345 3369 1496 3439 habendi.

662 3480 754 3561 Quos
775 3479 874 3547 habet
896 3502 1030 3549 auarum
1053 3501 1185 3567 uenena,
1203 3479 1322 3546 oblitus
1345 3480 1438 3568 ageni

662 3589 830 3677 Pauperis,
851 3589 887 3653 in
910 3609 1008 3659 uenas
1031 3587 1175 3657 absumit
1197 3588 1309 3655 divitis
1331 3587 1442 3671 exlex3

559 3718 629 3763 sau.
663 3695 746 3777 Quis
768 3696 939 3785 inopisque
961 3695 1091 3781 famam,
1115 3696 1188 3782 quis
1210 3694 1322 3763 debuit
1344 3693 1399 3761 ille
1422 3694 1555 3763 domam

662 3804 806 3872 Mendici
828 3803 981 3888 esuriem,
1000 3801 1219 3891 locupletibus
1241 3804 1335 3891 orgia
1356 3802 1491 3888 quauta

663 3910 755 3986 Seiae
775 3912 887 3978 Deum
908 3921 940 3981 et
962 3910 1096 3999 sophias
1118 3909 1230 3978 doetus
1253 3920 1393 3977 unumne
1415 3910 1541 3978 iabores

662 4015 786 4087 unlus
804 4039 904 4103 amor,
926 4019 1006 4087 satis
1028 4016 1107 4083 huie
1130 4016 1255 4105 plebeio
1277 4038 1384 4105 puuuu
1405 4018 1564 4105 magistu>

662 4122 848 4194 edidicisse
870 4122 958 4188 domi
981 4132 1014 4189 at
1038 4122 1181 4189 seruiunt
1198 4123 1346 4192 timuisse
1368 4144 1509 4193 suorum.

559 4250 629 4293 aas.
664 4228 822 4315 Euganea
844 4229 975 4315 ignotus
997 4229 1103 4294 iaeeut
1126 4228 1202 4294 lieet
1225 4229 1319 4294 exsul
1342 4230 1375 4293 in
1400 4228 1501 4295 urbe’

664 4335 828 4400 Maximus
850 4336 998 4400 Antenor
1020 4357 1223 4423 parvumque
1244 4335 1395 4409 Bononia
1413 4335 1593 4407 Rhenum.³¹

664 4442 737 4509 Hue
760 4442 832 4510 sine
854 4442 924 4508 solu
947 4442 1048 4529 bibat,
1070 4442 1256 4508 studiosum
1275 4442 1393 4509 nobilis
1416 4442 1524 4531 ultrix,

665 4718 675 4751 ¹
693 4718 754 4774 Sex.
774 4719 859 4771 iulius
872 4719 1016 4772 Africanus
1035 4720 1100 4771 iuris
1114 4719 1212 4787 paritis
1225 4721 1590 4789 umpouuuasnuninorum
1600 4721 1706 4782 elanus.

562 4840 570 4851 ·
665 4807 676 4839 ¹
694 4810 839 4862 Patavium.
856 4809 951 4875 tingit.

664 4895 676 4928 ⁸
694 4899 838 4950 Fiuuiuiua
852 4900 1004 4950 ituuunium.
1017 4900 1218 4998 praeterfluens.
