4109 5767
471 1094 505 1151 V.
528 1092 636 1163 Royatt
656 1093 790 1165 scripta,
811 1107 970 1167 quaenam
990 1092 1191 1153 innotuerint
1210 1095 1242 1151 et
1261 1108 1324 1167 qus
1344 1093 1472 1151 rsttone

854 1182 989 1240 servata
1008 1180 1086 1239 sint.

505 1340 675 1429 Reyzium,
699 1364 775 1407 cum
799 1343 888 1407 circa
910 1341 1197 1429 ‹priadragesimum
1221 1341 1352 1406 demum
1373 1343 1461 1408 vitae
1484 1364 1543 1406 an-

400 1469 478 1511 num
509 1446 702 1513 Crucovium
734 1448 877 1514 venisset
906 1449 1064 1534 brevique
1094 1446 1307 1534 amplioribus
1341 1447 1542 1513 carminibus

399 1551 495 1619 editis
517 1554 719 1635 innotuisset,
743 1554 830 1619 vires
854 1574 930 1619 sues
953 1555 1020 1617 ium
1036 1564 1111 1619 ante
1126 1553 1305 1619 adventum
1324 1554 1358 1618 in
1375 1552 1542 1619 I'oloniam

399 1660 432 1725 in
457 1661 543 1747 poesi
567 1671 736 1747 expertum
761 1682 833 1726 esse
855 1669 887 1727 et
912 1658 1008 1727 fuciie
1031 1660 1236 1749 suspicamur
1257 1670 1291 1726 ct
1313 1658 1443 1725 disertis
1465 1659 1542 1726 edo-

399 1788 512 1833 cemur
535 1767 674 1835 indiciis.
713 1768 808 1837 Certe
832 1768 931 1834 tradit
954 1768 1137 1834 Andronius
1159 1789 1233 1834 oum
1256 1768 1434 1853 etiamtum,
1465 1789 1540 1834 cum

400 1874 433 1937 in
458 1873 555 1939 iteiiu
578 1886 841 1955 commoraretur,
873 1875 1094 1961 composuisse
1116 1883 1149 1939 et
1171 1875 1277 1939 moins
1302 1896 1418 1961 poema
1439 1872 1543 1960 quod-

399 1978 492 2065 dam,
523 1982 616 2047 cuius
640 2004 681 2047 ne
704 1980 818 2047 titulus
840 1979 973 2069 quidem
996 1982 1091 2047 nobis
1115 1991 1210 2046 notus
1233 1989 1295 2065 est,
1324 1990 1358 2047 et
1379 1982 1543 2067 epigram-

401 2096 503 2171 mate,
534 2111 670 2175 quorum
694 2111 770 2177 pers
794 2090 891 2155 etium
915 2089 1003 2177 typis
1034 2088 1068 2152 in
1100 2087 1197 2153 Italia
1219 2088 1307 2154 edita
1329 2098 1414 2154 esset
1443 2086 1542 2172 (conf.

400 2216 499 2281 supra
516 2218 582 2281 pur.
599 2195 624 2281 I,
641 2220 692 2284 pg.
708 2196 783 2280 XI).
806 2196 871 2265 Sed
895 2195 975 2262 baec
999 2209 1056 2261 aut
1079 2194 1245 2283 deperiere
1267 2205 1324 2261 eut
1346 2194 1543 2261 delitescunt

398 2302 432 2365 in
449 2300 666 2387 bibliothecis3
691 2304 752 2369 mci
776 2302 907 2391 quidem
932 2314 1068 2368 cunutus
1084 2324 1123 2369 cu
1138 2302 1340 2391 adipiscendi
1356 2302 1395 2367 ud
1411 2302 1540 2367 irritum

397 2408 522 2475 redacti
547 2422 631 2475 sunt.
654 2411 750 2478 Corte
773 2434 812 2477 ea
832 2411 992 2475 advitam
1008 2409 1122 2500 Royaii
1140 2411 1326 2476 accuratius
1341 2431 1540 2497 cognosceu-

397 2515 474 2581 daru
498 2517 622 2605 aliquid
645 2520 762 2585 afferre
784 2528 966 2607 potuerunt,
989 2517 1103 2583 obesse
1126 2517 1240 2582 eadem
1263 2516 1304 2583 ub
1320 2516 1383 2583 bac
1398 2516 1540 2584 editione

398 2624 506 2687 minus
528 2633 578 2687 est
601 2622 776 2689 dolendum
800 2624 1025 2708 reputantibus
1049 2623 1205 2703 carmine,
1228 2623 1262 2685 in
1282 2621 1380 2686 Italis
1402 2644 1422 2685 e
1446 2632 1540 2707 poeta

398 2726 546 2810 Hispano
576 2727 635 2790 vix
667 2737 735 2790 tum
766 2748 801 2789 se
833 2725 874 2789 ad
907 2726 1045 2791 Polouos
1076 2727 1292 2811 migraturum
1327 2724 1539 2811 praevidente

399 2830 584 2917 ‹mmposita
607 2831 762 2895 terminos
789 2830 886 2895 buius
917 2830 1062 2917 corperis
1093 2830 1160 2895 fere
1182 2828 1349 2895 excedere.
1387 2829 1538 2896 Ceterum

398 2934 495 3001 buius
518 2937 663 3001 iactuum
686 2936 787 3022 duim,
811 2960 852 3002 riu
875 2937 972 3001 nimis
988 2946 1156 3021 irrigentur,
1181 2937 1249 3024 ipsc
1266 2946 1359 3024 poeta
1373 2934 1538 3002 ricberturi

397 3042 538 3130 vitietur,
560 3045 615 3133 qui
639 3068 809 3131 nunquam,
833 3068 874 3111 nc
896 3046 1067 3111 (recursione
1086 3044 1218 3131 quidem
1235 3042 1321 3129 duta,
1344 3066 1418 3109 cum
1437 3043 1539 3109 inulta

398 3154 486 3219 vitoe
508 3163 582 3219 ante
606 3152 784 3220 adventum
807 3155 840 3218 in
867 3154 1032 3219 l’uioninm
1056 3162 1149 3220 actuo
1165 3164 1402 3239 commemoret,
1426 3153 1539 3241 primi-

396 3260 516 3326 tiorum
539 3284 651 3328 musae
675 3284 753 3327 suae
777 3260 864 3327 iliius
887 3262 1042 3349 temporis
1066 3260 1166 3327 faciat
1189 3260 1394 3326 mentionem.
1470 3265 1473 3272 ’

504 3368 576 3434 lam
598 3390 710 3435 eorum
735 3369 769 3434 iu
793 3391 937 3453 numero,
960 3390 1043 3457 quae
1073 3366 1160 3457 opud
1188 3366 1326 3434 Polonos
1349 3370 1538 3456 composuit,

398 3475 463 3541 duo
486 3486 579 3542 erant
600 3498 699 3565 opera
721 3498 818 3564 prosa
832 3477 977 3543 cretione
993 3476 1129 3563 scripta,
1152 3498 1235 3563 quse
1250 3476 1402 3563 quonium
1418 3477 1460 3541 ab
1476 3474 1539 3542 bec

398 3585 578 3650 carminum
603 3584 743 3651 editione
766 3583 873 3652 oiienu
896 3594 987 3671 sunt,
1019 3584 1081 3651 boc
1111 3583 1225 3651 saltem
1257 3582 1328 3650 loco
1351 3584 1538 3650 accuratius

397 3692 583 3759 describere
605 3692 720 3781 piacet.
743 3692 901 3779 Alterum,
925 3716 1023 3759 manu
1043 3692 1148 3759 solum
1164 3691 1206 3757 ad
1222 3692 1386 3781 privatum
1402 3692 1536 3780 capituli

397 3798 615 3867 mednicensis
638 3823 734 3865 usum
758 3801 924 3887 scriptum,
943 3798 1031 3867 bunc
1042 3800 1174 3865 titulum
1190 3799 1406 3887 praeferebat:
1433 3800 1539 3885 ,Con-

396 3906 580 3971 stitutiones
603 3906 760 3971 ecelesiae
783 3905 981 3972 cathedralis
1005 3905 1223 3971 mednicensis
1249 3928 1308 3970 seu
1331 3906 1540 3991 Samngitiae.·

396 4010 465 4077 Sub
489 4008 691 4095 Sigismundi
710 4010 853 4095 Augusti
870 4011 1064 4097 principatu,
1088 4011 1146 4075 Pio
1161 4009 1211 4074 lv
1227 4009 1378 4094 pontifice
1392 4011 1536 4074 maximo

396 4112 439 4178 ad
461 4136 623 4200 romanae,
646 4115 768 4179 Ioanne
791 4114 977 4180 Prerembio
1000 4113 1043 4178 ud
1066 4114 1266 4199 gnesnensis,
1288 4113 1412 4177 Ioanne
1426 4123 1536 4178 eutem

396 4220 602 4285 Domnnovio
632 4218 674 4284 ad
701 4218 798 4284 buius
822 4218 1041 4306 mednicensis
1071 4242 1126 4285 seu
1159 4218 1357 4305 Semogitiae
1378 4216 1536 4285 ecclesiae

395 4326 619 4413 gubernacula
642 4326 783 4413 sedente,
811 4349 897 4393 anno
921 4338 993 4415 post
1016 4327 1182 4395 Christum
1205 4327 1315 4393 Deum
1338 4335 1535 4392 servatorem

395 4442 543 4498 nostrum
572 4445 685 4501 natum
715 4435 821 4523 primo
851 4446 883 4499 et
914 4436 1117 4522 sexagesimo
1149 4455 1247 4520 supra
1277 4429 1474 4497 milesimum
1504 4443 1543 4499 et.

395 4539 700 4626 quingentesimum,
716 4564 826 4607 rnensc
842 4541 1026 4629 septembri.
1051 4542 1193 4607 Auctore
1208 4537 1389 4607 reverendo
1404 4538 1535 4607 domino

397 4644 493 4712 Petro
515 4645 639 4737 Royzio
661 4647 795 4713 Meurcu
814 4647 986 4730 Celtibero,
1011 4648 1083 4713 viro
1102 4648 1248 4737 patricio,
1271 4647 1362 4733 regio
1376 4646 1536 4712 iuriscon-

395 4751 480 4819 sulto
502 4763 600 4840 etque
619 4752 804 4820 consiliario
819 4754 996 4842 eodemque
1012 4756 1231 4843 protonotario
1246 4751 1422 4840 apostolico
1438 4762 1534 4840 atque

393 4861 512 4926 comite
534 4860 686 4948 palatino,
716 4860 875 4949 huiusque
905 4860 1063 4929 ecclesiae
1094 4859 1290 4926 cathedralis
1312 4858 1532 4927 mednicensis

1375 4984 1429 5033 iv·
