4109 5767
873 649 1040 734 susumus·
1474 678 1521 744 lt>

480 897 619 965 Centum
641 894 675 963 in
699 894 805 962 frunto
826 917 938 961 amens
960 894 1050 962 seoui
1073 914 1287 983 sparsumque
1309 914 1367 982 per
1389 913 1487 958 aures

481 1002 676 1072 Vulturibue
698 1002 900 1090 canibusque
923 1001 1000 1070 (ledi
1022 1001 1165 1069 erudelis
1188 1002 1222 1068 in
1245 1001 1366 1068 eseaml

481 1109 564 1191 Quis
587 1109 668 1176 deus
690 1109 756 1175 huo
779 1107 883 1196 adigit
905 1106 1107 1174 daemonve?
1131 1107 1204 1191 quis
1227 1105 1360 1173 abstulit
1382 1127 1480 1194 aegro

480 1216 623 1282 Mentem
645 1215 855 1302 animumque
877 1213 979 1278 mihi?
1002 1213 1082 1302 quin
1104 1213 1251 1300 protinus
1273 1212 1340 1278 ima
1362 1209 1504 1278 ‹lebiseis

372 1343 446 1387 ses.
475 1321 577 1387 Terra
598 1321 774 1406 nigrosque
796 1319 902 1406 aperis
924 1341 1037 1384 manes
1059 1317 1309 1405 therontaque
1331 1315 1448 1401 dirum,

479 1426 568 1492 Ditis
589 1447 692 1512 regna
712 1424 823 1511 patris,
845 1423 947 1490 multo
969 1422 1043 1490 loea
1065 1422 1189 1490 sulfure
1211 1423 1277 1488 leta

480 1532 524 1597 lit
545 1532 666 1620 poenis,
688 1553 770 1618 quas
792 1530 976 1618 promerui?
1000 1529 1080 1615 quin
1104 1538 1190 1596 terre
1212 1527 1354 1595 dehiseis

483 1638 526 1703 Ft
548 1661 601 1705 me
623 1638 795 1727 tergemini
817 1637 982 1705 viventem
1001 1637 1102 1702 mittis
1126 1637 1160 1702 in
1182 1658 1240 1702 ora

482 1744 670 1810 Iusatureta
692 1745 793 1830 oanis,
815 1743 1026 1809 mactandum
1049 1741 1186 1810 natibus
1207 1742 1293 1808 illis?

375 1870 448 1916 aro.
478 1849 547 1914 Aut
569 1860 605 1914 tu
627 1857 752 1916 sontem
775 1852 918 1915 animam
940 1849 1036 1935 hane,
1059 1848 1149 1916 eaelo
1172 1847 1361 1936 indignatus
1383 1847 1424 1913 ab
1441 1845 1517 1934 alto,

482 1954 599 2022 Funde
620 1965 713 2043 pater
734 1955 851 2021 dextra
872 1965 905 2022 et
927 1977 1025 2022 saevo
1047 1977 1100 2021 me
1122 1953 1259 2020 fulmine
1281 1952 1377 2020 telle“
1391 1959 1411 2020 ¹.

572 2061 667 2127 'l'alia
689 2060 832 2128 iactabat
854 2070 1056 2146 mortemque
1078 2060 1278 2127 miserrimus
1301 2058 1386 2125 ultro

482 2169 641 2237 Posoebat
663 2167 872 2259 lacrimisque
894 2191 995 2257 genas
1019 2167 1170 2236 foedabat
1193 2178 1225 2236 et
1248 2190 1313 2256 ore,

483 2275 547 2341 Ilia
569 2276 758 2342 ooneutiens
781 2275 905 2362 gemitu
927 2283 960 2342 et
982 2274 1180 2363 singultibus
1203 2295 1310 2362 aegra.

377 2400 450 2449 ere.
478 2380 554 2446 Nou
576 2378 690 2468 epulae
713 2402 829 2468 eapere
852 2391 909 2446 aut
931 2380 1114 2468 speeieeum
1136 2379 1267 2446 haurire
1290 2378 1467 2446 Falernum

483 2486 673 2553 Deliciaeve
694 2487 810 2552 iuvant
831 2485 926 2572 ullae,
949 2495 1106 2552 eantusve
1127 2485 1269 2576 lyraeve.

485 2592 622 2677 Absque
644 2592 718 2660 eibo
740 2592 841 2658 solem
863 2602 895 2659 et
919 2591 1030 2658 stellas
1051 2590 1141 2657 videt
1163 2590 1286 2678 absque
1309 2612 1430 2678 mpero.

484 2699 662 2787 Exagitata
684 2697 770 2765 malo
793 2721 886 2764 mens
908 2718 974 2764 uon
997 2698 1084 2785 eapit
1107 2719 1205 2784 aegre
1228 2696 1380 2784 quietem,

485 2805 632 2872 Humida
653 2828 715 2874 nee
736 2805 873 2895 gravido
896 2829 963 2872 nox
985 2814 1118 2895 prensat
1139 2803 1265 2871 luurina
1286 2826 1409 2874 somno.

379 2934 450 2981 seo.
570 2913 653 2980 Visa
674 2915 820 2981 animum
842 2915 966 2982 interea
988 2913 1115 3000 ludunt,
1138 2922 1169 2980 et
1192 2933 1325 3002 eorpore
1348 2933 1461 2980 eaesae

485 3022 574 3089 Ante
595 3021 707 3088 oeulos
728 3021 836 3090 medie
858 3021 1031 3088 volitantes
1054 3029 1148 3088 noete
1170 3020 1303 3110 figurae.

486 3129 575 3196 Heul
599 3128 745 3213 quinon
767 3130 863 3216 acies,
887 3130 944 3216 qui
968 3152 1032 3195 non
1056 3128 1152 3194 modo
1174 3127 1238 3194 tela
1260 3125 1404 3213 timebat,

482 3235 558 3301 Non
580 3235 764 3302 trueulenta
787 3235 910 3302 dueum
932 3233 1048 3301 mediis
1070 3234 1106 3300 in
1129 3235 1261 3301 milibus
1283 3256 1349 3321 ore,

486 3342 587 3408 Hune
608 3363 714 3407 vanae
736 3342 860 3429 speeies
884 3352 980 3428 utque
1002 3342 1095 3406 irrita
1117 3349 1215 3407 terret
1237 3341 1355 3429 imago.

378 3468 452 3513 aas.
570 3447 659 3513 Hine
681 3448 792 3533 tristis,
815 3469 930 3514 saevas
953 3448 1081 3535 egilone
1104 3448 1139 3511 in
1161 3456 1290 3534 peotore
1314 3467 1419 3530 eures,
1518 3435 1520 3438 ⁵

486 3552 622 3620 Consilii
644 3553 779 3641 ignarm
802 3552 953 3640 melioris,
976 3576 1034 3619 seu
1058 3551 1139 3620 deus
1162 3552 1248 3617 ultor

486 3658 551 3727 Seu
574 3681 674 3726 aaeoa
696 3660 868 3748 impulerat
890 3660 1033 3746 vesania,
1056 3660 1173 3727 mentis
1196 3658 1289 3747 inops
1311 3681 1372 3726 rex

486 3767 526 3831 In
549 3765 650 3832 silvas
672 3764 792 3832 abiisse
813 3789 919 3855 vagus
941 3766 1099 3852 lucosque
1121 3765 1299 3855 profundos

486 3873 612 3959 Fertur,
635 3883 667 3940 et
690 3895 710 3938 a
732 3871 869 3940 oanibue
893 3875 1032 3961 vestigia
1055 3884 1131 3940 nota
1153 3875 1282 3960 seeutie,

381 4000 451 4046 eoo.
483 3979 565 4059 Quis
588 3979 713 4047 rabiem
735 3979 816 4047 deus
838 3989 871 4046 et
894 4003 1008 4047 saevas
1032 3981 1210 4046 immiserat
1233 3981 1308 4065 iras,

487 4086 654 4152 Interiisso
676 4087 754 4172 suis,
777 4088 884 4154 faetus
907 4088 1104 4154 miseresce
1127 4087 1282 4152 serarum:

486 4193 594 4260 lloute
616 4194 701 4260 treoi
724 4192 874 4282 lauiatus,
896 4194 987 4260 liurui
1011 4195 1099 4260 sarira
1122 4192 1276 4262 oeeulmit
1298 4215 1366 4260 rore

576 4301 629 4366 lin
651 4324 809 4368 ruemoros
831 4303 996 4390 iustosque
1018 4301 1109 4368 dees!
1133 4324 1216 4389 quae
1239 4302 1355 4368 funera
1377 4300 1500 4367 eunetis

486 4406 640 4474 Manilius
663 4409 847 4498 insontique
869 4410 998 4476 animae
1020 4411 1110 4476 ferus
1134 4408 1189 4477 ille
1210 4417 1351 4498 perurat,

382 4533 452 4581 aas.
484 4513 577 4580 lleoe
599 4514 713 4583 eadem
735 4517 858 4605 patitur
879 4540 1076 4606 sparsusque
1099 4515 1259 4584 cadavere
1282 4525 1348 4582 teto

486 4742 497 4774 ¹
516 4746 595 4813 νοις.
613 4747 678 4798 Aen.
699 4746 746 4812 lx,
763 4743 818 4800 495
835 4763 892 4814 sqq.
