4109 5767
659 776 781 812 uestem
800 775 928 813 russum
946 777 973 811 ss
992 776 1045 811 est.
1063 775 1214 812 sseisuesuu
1235 774 1251 811 ι.
1468 755 1531 821 103

497 971 734 1062 Albentemque
757 970 899 1060 miuilum
921 972 1010 1039 vieto
1033 971 1197 1039 retulisset
1220 971 1261 1039 ab
1284 970 1385 1040 hoste

500 1079 672 1147 contrusi
695 1080 825 1168 quando
847 1102 958 1145 rumor
982 1079 1089 1145 melus
1112 1078 1221 1145 uttubt
1243 1078 1345 1145 bostis

417 1206 467 1250 en.
498 1184 676 1252 Sueeessus
698 1187 808 1272 vestri,
831 1195 942 1253 nectes
964 1184 1115 1273 vigilavit
1136 1208 1265 1251 auteres

500 1292 726 1379 Ineomnisque
748 1294 866 1358 iterum
889 1293 1083 1359 candentem
1105 1292 1190 1357 vidit
1212 1291 1399 1382 Olympum.

497 1397 587 1484 Ergo
609 1420 720 1463 senem
742 1398 857 1463 maesti
880 1398 999 1462 fratres
1022 1395 1154 1483 ploretis
1178 1397 1328 1463 umieum.

588 1502 676 1583 Quin
699 1524 793 1589 reges
815 1524 936 1586 omnes,
959 1501 1040 1567 solie
1062 1502 1118 1588 qni
1141 1501 1283 1566 insiditis
1307 1500 1381 1585 ulto,

498 1610 655 1678 Sunetum
678 1610 752 1676 flete
774 1632 893 1676 senem.
923 1609 998 1691 Quo
1020 1609 1112 1695 regie
1135 1616 1264 1696 seeptre
1285 1607 1442 1695 magistro

397 1742 465 1785 ιοο.
499 1718 711 1786 sustentantis
734 1717 855 1800 edbue;
877 1718 933 1784 hie
954 1717 1072 1784 vestris
1095 1716 1210 1803 regule
1231 1715 1342 1803 regnis

496 1827 604 1915 Ablue
626 1826 698 1893 orbi
722 1827 793 1912 luit,
815 1826 977 1893 horrende
1000 1848 1057 1892 seu
1081 1834 1208 1892 vertere
1230 1822 1315 1891 bello

498 1933 641 2000 Hostiles
661 1936 748 1999 eeies
768 1934 861 2019 sedit,
882 1956 939 1999 seu
963 1956 1066 2020 regua
1089 1942 1225 2020 paterne

497 2042 638 2129 Imperio
660 2063 774 2127 regere
796 2050 829 2108 et
850 2041 1013 2107 moderari
1036 2040 1164 2127 legibus
1187 2040 1299 2127 nequis

496 2148 658 2235 Perpetua
679 2159 713 2213 et
734 2146 869 2236 populos
892 2149 925 2213 in
949 2169 1030 2235 peee
1053 2156 1163 2213 tenere
1185 2144 1339 2231 volentes,

396 2277 463 2323 ies.
498 2255 562 2321 Seu
588 2256 746 2345 pueuiisse
769 2254 849 2321 lidius
872 2278 1091 2346 'ereussuque
1115 2252 1247 2321 leedem
1269 2252 1434 2342 quendum

495 2365 640 2431 Peeiliee
661 2365 823 2431 servande
846 2388 944 2431 unenu
967 2374 1000 2433 et
1022 2373 1095 2431 rute
1117 2364 1207 2431 diets
1229 2362 1352 2430 tuende

496 2472 563 2541 Ore
585 2496 660 2538 sues
683 2496 797 2539 sensus
819 2495 919 2561 pereo
942 2482 1147 2559 mentemque
1169 2470 1315 2537 resolvit:

496 2577 653 2646 Oruelum
675 2589 841 2667 utinquam
865 2577 954 2645 ezelo
977 2579 1121 2645 venisset
1143 2576 1184 2644 eb
1208 2576 1283 2661 ulto,

496 2685 608 2752 Verbu
629 2687 739 2753 senis¹
762 2686 893 2752 fuerent
914 2685 1014 2751 nullis
1037 2683 1179 2750 obnoxie
1201 2682 1307 2749 dietis

397 2816 463 2858 ιιο.
497 2793 667 2880 Ancipites
689 2793 763 2859 lites
785 2792 1005 2881 perplexaque
1027 2790 1153 2857 solvere
1176 2791 1249 2855 iure

409 2899 413 2907 '
493 2900 667 2986 Promptus
689 2909 723 2965 et
744 2900 916 2985 enubigues
939 2899 1047 2964 neusin
1070 2898 1272 2983 distinguere
1294 2918 1422 2962 seusus:

497 3006 614 3072 Itiseus
636 3028 699 3071 tum
724 3006 780 3071 ille
803 3005 977 3071 dissinnatus
1000 3004 1108 3071 iudiee
1131 3003 1228 3069 llevit

496 3113 645 3180 Iustitiae
667 3114 782 3198 culter,
804 3112 861 3180 sed
884 3124 918 3179 et
940 3113 1026 3179 idem
1050 3128 1184 3201 pereere
1207 3120 1327 3195 suetus,

497 3218 630 3286 Seilieet
651 3220 685 3285 iu
708 3221 838 3287 venium
862 3219 1049 3309 proclivium
1073 3218 1161 3285 illius
1185 3241 1286 3283 unum

396 3346 464 3391 ns.
498 3327 571 3393 Hoe
592 3328 723 3393 vitium:
745 3329 781 3393 in
803 3338 912 3394 sentes
934 3326 1032 3416 paulo
1055 3326 1243 3393 elementior
1266 3348 1378 3413 nequo.

495 3433 616 3499 Nostra
638 3434 728 3522 pium
751 3436 858 3521 megin
879 3433 951 3521 boe,
973 3433 1058 3499 vidit
1080 3433 1126 3499 nil
1149 3433 1294 3499 sanetius
1317 3440 1415 3499 eetee.

495 3540 534 3606 In
558 3541 654 3606 terris
676 3541 769 3628 vixit,
792 3564 927 3630 superes
949 3564 1009 3608 eeu
1033 3542 1159 3607 viveret
1181 3542 1266 3606 inter

495 3647 675 3717 Caelitibus
698 3649 827 3733 similis3
850 3673 914 3717 non
940 3649 997 3715 ulli
1020 3650 1139 3716 noxius
1163 3671 1315 3737 unquam,

495 3757 596 3823 Utilis
618 3768 653 3824 et
675 3759 795 3825 multis
824 3760 950 3825 Divum
972 3758 1062 3825 heud
1086 3757 1231 3846 neglexit
1252 3756 1400 3843 bonores,

394 3887 462 3931 120.
495 3865 601 3932 lllulte
623 3867 680 3933 sed
703 3890 746 3935 ex
768 3878 857 3934 seete
879 3869 1064 3933 &instruxit
1086 3890 1247 3933 murmure
1271 3866 1348 3931 lune

496 3972 661 4039 Seweteri
683 3973 862 4059 bominum,
884 3973 1080 4041 sublimibus
1102 3974 1190 4040 edite
1212 3973 1316 4058 tectis,

496 4079 595 4165 Regis
617 4103 712 4167 opus3
734 4081 832 4147 Divis
854 4104 966 4147 sueres
986 4082 1091 4147 erexit
1113 4090 1146 4146 et
1168 4103 1251 4165 eres,

495 4184 540 4248 ln
560 4194 684 4251 statues
706 4188 824 4274 posuit
846 4226 891 4236 -
913 4188 1072 4276 spirantia
1093 4186 1217 4251 dixeris
1240 4209 1325 4270 seru,
1348 4224 1392 4233 —

494 4289 752 4378 Turrigerusque
773 4291 889 4377 bonus,
910 4315 993 4379 quse
1014 4291 1099 4358 besti
1122 4302 1306 4379 opponeret,
1329 4312 1422 4356 erees

392 4416 461 4458 usn.
495 4395 622 4460 Eduxit
642 4396 733 4462 eeelo
755 4398 936 4485 mediisque
958 4400 992 4463 in
1016 4397 1159 4464 nubibus
1182 4398 1256 4484 egit

583 4502 718 4590 Iamque
740 4503 812 4570 dies
834 4504 949 4570 ederet
970 4526 1083 4570 menes
1104 4504 1227 4570 inferre
1250 4501 1400 4591 sepulcre

495 4609 734 4699 Aeternumque
758 4634 859 4679 urnue
881 4611 991 4679 selsun
1014 4610 1094 4678 dere
1116 4620 1148 4679 et
1171 4610 1299 4677 eetbere
1322 4616 1446 4677 esnen’.

389 4720 709 4818 wesin.

494 4843 506 4873 ²
522 4845 585 4899 Seii.
604 4847 670 4917 regi.
