4109 5767
959 832 1545 855 m...—

960 1132 993 1200 ΙΙ.

636 1383 640 1394 .
706 1312 751 1369 De
769 1308 920 1368 cerevisia
938 1309 1031 1382 nigra
1047 1308 1243 1382 manenti&

961 1470 986 1535 Ι.

509 1594 619 1682 Miror,
641 1615 701 1661 eur
723 1602 795 1661 etro
815 1593 937 1682 gaudet
960 1591 1137 1662 Germania
1159 1601 1246 1680 potu.
1334 1621 1338 1628 ·

560 1700 616 1768 Nil
640 1701 768 1770 mirere:
792 1710 863 1768 atra
885 1700 1007 1790 gaudet
1028 1709 1061 1768 et
1083 1697 1141 1766 illa
1162 1697 1236 1767 fide.

949 1894 994 1960 II.

509 2019 648 2106 Miraris,
671 2028 749 2107 potu
773 2017 957 2088 Germanus
980 2017 1122 2106 gaudeat
1145 2016 1250 2084 omnia

562 2124 630 2194 Gur
651 2125 765 2214 piceo?
787 2125 881 2214 pieea
902 2125 1023 2216 gaudet
1045 2133 1078 2192 et
1099 2123 1155 2191 ille
1178 2123 1251 2190 fide

942 2320 1003 2388 111.
1043 2303 1047 2308 ’

384 2479 394 2489 -
506 2446 606 2513 Tetra
630 2446 847 2536 perhorreseo,
871 2467 930 2514 eeu
954 2446 1053 2533 Ditis,
1075 2443 1206 2535 poeula3
1228 2466 1357 2533 quaero,

558 2554 589 2621 A
613 2578 674 2642 me,
697 2553 869 2640 Oerneovi,
891 2563 1036 2620 transeat
1057 2552 1120 2619 iate
1143 2550 1238 2619 ealix.

939 2747 998 2812 IV.

503 2869 607 2938 Grata
629 2868 747 2957 quibua
770 2870 905 2957 nigrans
928 2868 1070 2934 cervisia
1092 2867 1211 2957 poeula
1233 2840 1374 2956 praebet,

557 2976 619 3042 Hie
641 2977 699 3064 pix
722 2985 779 3042 aut
801 2974 900 3043 earbo
924 2973 1037 3041 debuit
1059 2996 1130 3042 esee
1152 2972 1256 3041 eibua

942 3167 983 3236 V.

501 3294 599 3360 Tetra
621 3293 836 3382 perhorrescit
857 3295 915 3381 qui
937 3316 1002 3359 non
1024 3292 1107 3358 haee
1129 3292 1255 3380 poeula,
1277 3301 1378 3358 tetrae

555 3399 820 3466 Formidaturum
843 3398 932 3464 hune
955 3421 1020 3464 non
1042 3406 1121 3486 puto
1143 3399 1233 3464 Ditis
1256 3420 1366 3486 aquae.
1468 3395 1472 3403 ’

936 3588 995 3655 VI.

502 3713 568 3795 Qui
591 3711 714 3782 Bacchi
736 3713 905 3780 inventum
928 3710 1010 3780 haee
1032 3713 1196 3780 teterrima
1218 3711 1336 3802 poeula
1358 3711 1451 3799 dixit,

554 3818 615 3888 Ille
638 3819 728 3886 dedit
750 3842 853 3886 vanos
876 3828 908 3886 et
931 3819 1001 3886 eine
1024 3829 1132 3887 mente
1155 3842 1259 3885 sonos.

501 3927 567 4009 Qui
589 3936 703 3993 eontra
724 3927 799 3993 tetri
822 3926 937 3992 dieunt
959 3925 1041 3993 haee
1063 3924 1181 4015 poeula
1203 3926 1301 4011 Ditis,

554 4033 623 4100 Hoe
646 4055 741 4100 veroa
764 4042 865 4119 vater,
887 4030 946 4098 hos
968 4054 1025 4099 eor
1047 4030 1167 4100 habere
1189 4041 1309 4120 putem.

502 4209 511 4242 ¹
531 4211 608 4264 Gom.
628 4210 680 4266 155
698 4229 736 4282 tq.
762 4235 785 4257 ι-
810 4213 869 4265 Ort.
888 4211 931 4266 21.
956 4213 1055 4265 Confer
1072 4213 1146 4264 intra
1164 4212 1292 4265 earminir
1309 4231 1335 4280 q.
1353 4213 1372 4264 i.
1397 4215 1429 4264 ln
1447 4214 1536 4266 Goda-

393 4316 489 4352 neure·
508 4300 702 4354 tumultuante·
720 4318 745 4355 r.
765 4301 801 4356 25
819 4318 875 4369 rqq.
894 4303 926 4354 ln
945 4301 1069 4355 convivio
1087 4301 1213 4369 quodam,
1231 4301 1275 4354 eui
1294 4300 1448 4355 interfuerit
1459 4305 1534 4355 Stati.

393 4390 566 4456 Carneoviur,
575 4391 755 4443 ministratam
765 4407 823 4446 aare
832 4391 908 4443 illam
917 4390 1097 4460 gedanenrem
1106 4390 1276 4456 cateridem,
1285 4392 1537 4461 doeetaplgnmma

392 4479 441 4529 111.
460 4481 535 4544 Quae
553 4479 673 4533 indicare
691 4479 816 4534 videntur
834 4497 858 4533 a
879 4478 950 4536 1568
968 4486 1015 4533 aut
1034 4479 1112 4535 1569.
1214 4538 1216 4541 ,
