4109 5767
1018 251 1098 288 mu
1116 250 1205 287 norm

699 446 835 533 Iouique
858 467 935 510 sues
956 444 1103 533 pendens
1126 445 1205 510 feeit
1227 444 1262 509 in
1284 465 1340 509 ore
1361 444 1442 510 vies.

646 552 826 622 Ooneretee
848 551 957 619 eiliis¹
979 552 1137 619 leerimae
1160 551 1340 618 densantur
1361 552 1489 641 opertis,

698 661 746 728 Ut
768 661 873 750 possis
894 659 1007 727 oeulos
1029 660 1088 727 vix
1111 660 1238 749 aperire
1260 670 1342 727 tuos.

646 769 721 836 Non
744 779 819 859 epte
841 769 987 859 pendens
1009 767 1155 835 humeris
1178 770 1329 835 sinuetur
1351 768 1500 856 amiotus,

565 902 613 946 ιο.
699 878 770 945 Nee
792 879 875 966 tegit
896 878 1051 944 instratos
1075 889 1151 966 epte
1172 877 1306 945 leoerne
1328 876 1435 965 pedes.

646 985 722 1052 Non
744 996 875 1074 tegmen
897 986 998 1073 ospiti
1021 996 1110 1052 reete
1132 985 1264 1052 insidet:
1288 1007 1367 1051 eure
1390 985 1531 1071 sinistre,

699 1092 797 1159 Nune
821 1091 937 1158 dextre
959 1114 1072 1180 presse
1095 1102 1223 1180 torquet
1245 1092 1377 1181 agitque
1400 1104 1507 1180 eaput.

647 1198 786 1266 Gulosus
809 1200 935 1265 aestivo
958 1220 1086 1286 semper
1108 1198 1168 1265 tibi
1191 1198 1327 1287 pulvere
1349 1200 1454 1286 turpis

700 1306 778 1391 Aut,
801 1304 887 1393 quod
911 1305 997 1371 ferre
1019 1304 1118 1393 pedes
1141 1306 1200 1372 vix
1221 1315 1366 1393 potuere,
1388 1304 1466 1391 luto,

567 1430 615 1475 re.
645 1408 749 1498 Saepe
770 1411 859 1499 putri
882 1433 1030 1477 summus
1054 1421 1122 1477 totu
1144 1421 1257 1499 erepet
1281 1414 1395 1477 ustus²
1417 1410 1514 1499 alote,

699 1516 860 1585 Ostendet
882 1517 1002 1606 digitos
1027 1528 1062 1583 ut
1085 1540 1142 1606 pes
1167 1528 1300 1606 uterque
1325 1541 1410 1585 snos.

646 1623 812 1691 Interulee
835 1626 966 1692 nutibus
989 1624 1110 1713 pendet
1131 1648 1207 1714 pers
1230 1626 1297 1690 ime
1320 1624 1381 1691 sub
1405 1626 1493 1713 ipsis,

700 1730 834 1821 Subque
856 1731 937 1799 loeis
960 1732 1026 1798 illis
1050 1733 1084 1819 it,
1107 1754 1221 1798 sumus
1244 1732 1332 1799 unde
1355 1733 1429 1800 viri.

646 1838 819 1928 Ruptaque
842 1839 1053 1928 demonstrat,
1075 1862 1159 1930 qnee
1181 1840 1287 1907 rident
1310 1839 1407 1907 obvia
1429 1839 1536 1926 turbe,

564 1970 614 2015 so.
701 1948 744 2014 Et
766 1947 887 2037 quibus
909 1958 1060 2016 evertunt
1081 1948 1207 2015 lumina
1230 1959 1320 2015 essm
1343 1971 1455 2015 nurus.

647 2057 768 2126 Omnia
789 2057 870 2148 qnid
892 2058 1090 2127 memorem?
1113 2058 1192 2149 quid
1216 2080 1277 2148 ego
1299 2080 1358 2149 per
1380 2056 1510 2147 singulo
1530 2056 1694 2126 eorunm?

701 2166 791 2249 Quid
814 2167 938 2234 frustra
960 2167 1108 2234 celemus
1132 2177 1285 2255 tantoque
1309 2166 1423 2233 oberte
1445 2166 1554 2256 perit?

647 2274 687 2337 In
710 2284 751 2359 te,
773 2273 913 2357 Phoebe,
936 2286 1050 2339 eereut
1073 2296 1162 2339 mone
1184 2283 1216 2339 et
1238 2273 1311 2359 lege
1334 2275 1455 2357 omuie3
1479 2272 1589 2339 nullus

699 2378 839 2463 Phoebe,
862 2377 962 2444 decor
983 2380 1053 2464 tibi,
1077 2378 1134 2444 sed
1158 2400 1219 2443 nee
1242 2378 1312 2463 tibi,
1335 2378 1465 2443 Phoebe
1487 2398 1545 2443 eor
1568 2386 1626 2443 est

1041 2646 1044 2651 ¹
1089 2568 1134 2635 11.

1012 2696 1046 2744 un
1068 2690 1208 2745 runem&

646 2798 783 2885 Ungues
805 2809 874 2865 tem
896 2798 995 2887 longi,
1019 2809 1086 2865 tem
1110 2810 1186 2864 suut
1210 2798 1269 2865 tibi
1294 2820 1421 2887 semper
1443 2797 1540 2883 acuti,

698 2907 787 2973 Urso
810 2907 922 2995 utris,
946 2919 982 2973 ut
1005 2908 1059 2993 sis,
1082 2905 1186 2993 Tulle
1209 2906 1375 2973 timendus
1397 2928 1484 2995 epro.

646 3015 720 3082 Non
743 3016 872 3105 aquilae
894 3027 1024 3083 teneros
1046 3016 1202 3082 lanierint
1224 3016 1390 3104 unguibus
1413 3013 1534 3082 haedos

698 3124 886 3213 Promptius
908 3136 966 3191 eut
987 3124 1127 3214 praedes
1150 3146 1249 3191 saeva
1272 3124 1385 3191 leoena
1407 3146 1493 3211 suns,

586 3256 613 3300 s.
644 3234 754 3316 Quem
776 3244 812 3300 tu
834 3234 989 3322 praeduri
1011 3246 1141 3323 tergum
1162 3232 1265 3301 bovis.
1289 3234 1388 3323 Optet
1409 3232 1530 3301 hebere

699 3341 836 3431 Ungues
860 3366 937 3409 urse
958 3354 1033 3409 tuos
1055 3354 1153 3433 etque
1175 3342 1288 3411 leaena
1311 3352 1393 3411 tuos.

646 3450 749 3517 Arme
771 3463 861 3520 vetet
883 3452 989 3519 iustus
1011 3453 1069 3543 qui
1093 3452 1178 3519 ferro
1200 3475 1258 3543 por
1280 3452 1400 3543 oppidu
1422 3463 1560 3542 praetor,

698 3559 836 3646 Ungues
858 3560 1016 3627 adversus
1040 3561 1092 3625 ius
1114 3560 1214 3627 hebet
1236 3558 1292 3627 ille
1315 3570 1398 3627 tuos.

645 3664 792 3732 Felicem
813 3666 901 3731 lenio
924 3690 960 3733 se
983 3666 1106 3732 dixerit
1127 3678 1225 3756 atque
1247 3666 1389 3754 beatum,

565 3792 612 3835 ιο.
700 3772 765 3838 Ριιι·
787 3773 815 3837 si
838 3783 923 3838 esset
946 3773 1063 3839 cultris
1087 3774 1252 3861 unguibus
1275 3773 1331 3839 ille
1354 3774 1429 3839 tuis.

649 3986 726 4039 ¹t11.
748 3987 852 4052 „eiiie“.

647 4073 658 4105 ¹
676 4076 733 4128 soil.
752 4077 870 4129 esteeus.
888 4079 920 4128 Iu
935 4086 1011 4130 msto.
1026 4086 1116 4131 exstet
1133 4080 1279 4143 „rumms“,
1299 4078 1368 4145 quod
1381 4077 1569 4145 corrigendum
1581 4076 1688 4129 οοιιιιιί.

537 4166 637 4231 lunge:
656 4164 742 4230 supe
760 4181 879 4217 summus
898 4165 1035 4234 (ordesos),
1054 4168 1126 4234 putri
1147 4176 1204 4219 tote
1222 4167 1305 4233 duta,
1325 4173 1402 4219 uetur
1419 4170 1460 4233 (ιι
1488 4164 1608 4234 panus)
1626 4180 1690 4217 ore-

537 4260 586 4319 pet
603 4251 643 4319 (·
667 4253 818 4321 rumpitur).

646 4339 752 4394 'Corn
772 4342 808 4396 58
826 4358 866 4409 eq.
