4109 5767
787 785 808 795 .-
815 773 1144 794 ...κ-ιμ’*
1160 775 1476 785 ···-·---·---·---
1484 779 1519 786 —-
1527 779 1806 794 ---—--—-

1703 795 1806 808 ...-

773 897 929 967 Berbara:
953 920 1013 966 nec
1036 897 1112 966 laeti
1135 898 1240 967 eluxit
1263 924 1337 990 spes
1361 902 1429 969 ullu
1452 890 1635 996 hymenaei.

692 1031 741 1082 ιο.
771 1005 903 1076 Scilicet
925 1006 1057 1074 admisit
1078 1007 1166 1096 quod
1189 1017 1317 1075 tautum
1340 1007 1490 1078 Sarmata
1513 1013 1647 1103 crimen,

773 1115 819 1186 Ut
841 1115 942 1186 sterili
965 1117 999 1182 in
1022 1115 1166 1183 thalamo
1187 1127 1291 1185 totum
1314 1129 1356 1207 te,
1378 1120 1536 1210 Auguste,
1558 1145 1616 1212 per
1638 1145 1757 1191 aevum

773 1225 968 1316 Aspiciam?
991 1222 1079 1292 ullus
1100 1247 1162 1293 nco
1186 1249 1305 1316 magua
1327 1228 1484 1317 parvulus
1506 1228 1583 1296 aula

773 1335 899 1404 Lusius
921 1336 1102 1424 Augustus,
1123 1356 1220 1422 quem
1242 1345 1315 1424 post
1337 1346 1395 1402 tua
1418 1337 1534 1405 funera
1556 1360 1666 1427 regem

772 1443 946 1532 Accipient
969 1441 1056 1528 olim,
1079 1440 1133 1508 vel
1156 1465 1214 1530 pro
1238 1452 1270 1509 te
1293 1454 1421 1532 sceptra
1442 1457 1552 1514 tenere

690 1573 740 1624 es.
769 1549 967 1620 Grandaevo
989 1549 1133 1638 cupiant,
1155 1549 1267 1616 multis
1290 1573 1367 1618 cum
1390 1553 1456 1618 iam
1478 1554 1590 1640 gravis
1613 1553 1717 1640 aunis,

771 1657 890 1726 Pacem
913 1657 1062 1748 sepositis
1083 1655 1224 1749 Gradiui
1247 1657 1345 1724 rebus
1368 1658 1503 1746 amabis,

772 1765 1006 1854 Extremusque
1028 1765 1104 1853 pius
1122 1765 1215 1860 ‘vitae
1236 1764 1435 1832 meditabere
1457 1789 1563 1854 casus,

769 1871 823 1944 Nil
847 1883 1012 1942 terrenum
1036 1873 1155 1960 animo,
1177 1882 1304 1940 tentum
1330 1872 1483 1942 caelestia
1506 1865 1667 1943 versans?

861 1983 950 2074 Ergo
972 1981 1033 2049 tibi
1055 1992 1106 2049 est
1128 1982 1205 2049 fatie
1228 1992 1339 2071 erepte
1361 1984 1449 2072 quod
1472 1995 1609 2074 utreque
1631 1985 1761 2074 coniux,

688 2115 737 2164 eo.
771 2089 865 2160 Ullos
887 2091 1035 2159 Lucinas
1056 2090 1192 2180 longum
1213 2089 1303 2157 haud
1326 2101 1460 2180 experta
1482 2091 1618 2180 labores,
1664 2179 1672 2188 Ι
1708 2128 1711 2132 ⁴

768 2199 979 2288 Prospexisse
1001 2199 1100 2287 Deos,
1124 2220 1165 2265 ne
1187 2197 1286 2264 orbus
1310 2201 1457 2285 moriare,
1479 2199 1662 2288 putendum
1683 2211 1742 2287 est,

769 2305 1028 2393 Sarmatiamque
1050 2315 1140 2371 tuam
1165 2314 1241 2371 nato
1264 2306 1336 2373 eine
1358 2327 1435 2394 rege
1457 2305 1630 2394 relinques„

636 2439 649 2484 .·
769 2411 863 2495 Quae
886 2411 921 2476 in
944 2420 977 2477 ta
998 2410 1153 2499 reliquias
1175 2433 1237 2477 ceu
1260 2413 1391 2500 sospitis
1414 2413 1530 2500 aspicit
1555 2435 1621 2478 uno

767 2517 953 2612 lugollouir,
976 2527 1128 2610 amatque
1150 2541 1269 2586 acuum
1291 2541 1429 2609 rognum
1451 2541 1510 2610 por
1531 2541 1628 2588 omue

684 2651 733 2702 er.
763 2629 957 2720 Progeniem
980 2638 1012 2697 et
1036 2638 1167 2716 gentem
1190 2625 1365 2696 deductam
1388 2629 1613 2720 sanguinent
1636 2626 1713 2696 illu·

769 2738 843 2806 lloo
865 2737 951 2804 votis
973 2737 1079 2802 Divos
1101 2746 1133 2803 et
1155 2735 1253 2825 plena
1275 2739 1379 2825 poecit
1402 2761 1524 2825 acerra,

766 2845 815 2913 'Pe
837 2843 921 2911 fusis
945 2865 1042 2910 orans
1064 2842 1210 2910 lacrimis
1232 2854 1265 2910 et
1286 2843 1408 2932 poplite
1430 2845 1523 2911 flexo.

766 2951 820 3020 Au
844 2950 998 3040 precibus
1019 2959 1053 3016 te
1075 2951 1292 3039 nequicquam
1314 2951 1484 3040 Divosque
1506 2951 1645 3040 fatigant

766 3057 847 3124 Rem
872 3065 1020 3144 spectare
1043 3079 1135 3122 suam
1159 3066 1192 3122 et
1214 3057 1313 3123 totius
1335 3057 1506 3123 commoda
1526 3058 1633 3145 gentis

663 3185 732 3236 roo.
763 3161 915 3232 Oculossi
927 3165 948 3249 ¹,
970 3160 1047 3228 tulit
1069 3184 1089 3226 a
1110 3161 1221 3231 Lecho
1244 3185 1327 3251 quae
1350 3186 1467 3231 nomen
1489 3163 1683 3231 honestum?

765 3267 915 3358 Namque
938 3269 972 3334 in
996 3269 1167 3357 coniugiis,
1190 3291 1274 3358 quae
1296 3270 1428 3358 instent,
1457 3268 1664 3358 thalamoque
1685 3273 1804 3356 tuturo,

765 3376 839 3446 Non
863 3377 924 3445 tibi
947 3387 1015 3444 tum
1038 3378 1170 3466 coniux,
1191 3400 1291 3468 quam
1314 3401 1415 3468 regno
1436 3379 1603 3467 quaeritur
1624 3376 1727 3466 heres,

765 3485 832 3570 Qui
856 3485 993 3578 populos
1016 3485 1095 3554 olim
1118 3488 1257 3578 sumptis
1280 3489 1464 3555 moderetur
1486 3485 1631 3554 habenis

765 3597 809 3665 llt
831 3607 867 3663 tu
892 3607 977 3664 stare
1000 3595 1058 3662 diu
1082 3619 1226 3664 vacuum
1248 3599 1370 3686 petiere
1393 3595 1526 3663 cubile?

661 3727 731 3776 ros.
766 3704 837 3772 Nec
861 3703 952 3771 facili
976 3727 1075 3772 voces
1098 3715 1248 3772 orantum
1271 3705 1443 3771 admiseris
1465 3704 1569 3770 aure?
1707 3737 1711 3744 ·

764 3811 876 3880 Tertia
899 3813 979 3901 quin
1002 3813 1112 3900 potius
1134 3834 1257 3878 renova
1281 3811 1423 3878 conubia
1446 3811 1539 3877 felix!

765 3921 911 3988 Uxorem
934 3919 994 3987 tibi
1018 3918 1128 3986 clurue
1150 3943 1248 4008 eques
1271 3918 1438 4008 lectusque
1460 3929 1592 3985 senatus

634 4029 671 4096 Ui
764 4030 809 4097 Et
833 4027 933 4116 Boua,
957 4025 1166 4096 Sforciadum
1189 4050 1346 4116 maguum
1369 4027 1479 4113 decus,
1502 4025 1616 4092 inclita
1637 4037 1750 4113 mater,

764 4135 929 4206 Gentibus
952 4157 994 4200 cx
1017 4135 1146 4200 cunctis
1169 4133 1329 4200 delectam
1352 4143 1459 4198 mente
1480 4133 1658 4220 requirunt

661 4261 731 4310 tro.
765 4243 934 4330 Augustos
957 4241 1073 4305 merito
1095 4241 1151 4305 cui
1173 4239 1327 4327 praebeat
1349 4239 1455 4304 omnis
1477 4238 1615 4305 honores
1708 4271 1713 4282 ·

766 4349 917 4418 Sarmata
940 4345 1126 4435 deligetquc
1149 4346 1263 4412 rolens
1285 4368 1398 4412 sacrae
1420 4344 1533 4412 oscula
1554 4343 1698 4413 dextrae

791 4507 794 4518 .
855 4455 984 4522 Intereu
1008 4478 1110 4542 reges,
1133 4467 1334 4543 sceptrorum
1356 4455 1514 4544 quioquid
1537 4454 1658 4544 ubique
1677 4467 1735 4541 est

766 4563 866 4632 Unde
888 4561 958 4630 dies
981 4564 1073 4629 uenit
1095 4573 1127 4629 et
1150 4573 1248 4651 caput
1270 4561 1392 4628 occulit
1414 4563 1617 4628 auricomum
1640 4560 1699 4648 sol,
