4109 5767
1473 757 1811 797 narremus.
2649 749 2733 811 27
2740 748 2781 812 3

1596 1039 1684 1105 ΙΙ.

712 1162 919 1228 Nocte
964 1163 1123 1228 furit
1166 1173 1301 1230 tota
1346 1172 1710 1251 tempestas,
1755 1186 1948 1231 mane
1992 1165 2292 1253 quiescit:

816 1269 1126 1335 Divisum
1171 1270 1515 1358 imperium
1562 1293 1713 1337 cum
1759 1271 1934 1359 Iove,
1979 1271 2257 1365 praesul,
2299 1273 2518 1340 habes.

1602 1741 1665 1811 3.

1291 1940 1980 2017 NAVIGATIO

992 2112 1582 2181 STANISLAI
1643 2112 2283 2202 GARNoovn,

818 2263 1187 2317 Vladislaviae
1235 2271 1291 2317 et
1327 2265 1676 2317 Pomettnioe
1714 2266 1976 2331 praesuli·
2012 2266 2401 2334 religio-issimi
2421 2266 2453 2319 ¹.

711 2438 879 2505 Cum
924 2447 1334 2525 tempestates
1381 2449 1732 2505 autumnus
1778 2440 1847 2504 in
1893 2439 2048 2507 orbe
2094 2440 2310 2526 cieret,

817 2542 1150 2630 Istulaque
1195 2544 1466 2609 insuetis
1512 2544 1926 2610 intumuisset
1971 2546 2183 2632 aquis:

709 2647 854 2712 Non
901 2648 1112 2733 magis
1157 2646 1411 2713 absistit
1456 2648 1712 2734 praesul
1758 2648 2160 2714 Oarncovius
2207 2649 2319 2734 ire,

816 2751 1009 2831 Quod
1056 2752 1255 2818 fluvio
1300 2774 1652 2841 properans
1698 2753 2099 2839 instituisset,
2143 2754 2281 2819 iter.

590 2879 643 2922 ε».
709 2857 985 2925 Flumen
1030 2858 1170 2944 init,
1216 2859 1483 2924 tumidis
1532 2882 1601 2925 se
1648 2859 1911 2927 eredere
1955 2858 2263 2925 fluctibus
2309 2881 2526 2945 ausus,

814 2967 963 3033 Non
1011 2967 1358 3034 cessaturis
1405 2978 1469 3035 et
1514 2967 1671 3035 dare
1716 2966 1867 3035 vela
1910 2967 2098 3035 notis.

708 3075 1013 3164 Ingresso
1058 3075 1271 3169 rapidi
1320 3085 1656 3145 cessarunt
1699 3075 2000 3168 praesule
2044 3076 2249 3162 venti3

814 3186 1123 3255 Praebuit
1166 3196 1231 3255 et
1275 3186 1585 3278 placidas.
1614 3186 1822 3255 Istula
1867 3187 2043 3255 mitis
2090 3209 2310 3276 aquas.

707 3294 1094 3383 Oblitusque
1140 3297 1243 3362 sui
1289 3304 1658 3383 autumnus,
1703 3297 1816 3386 qui
1862 3296 2105 3384 frigore
2147 3306 2352 3362 terras

548 3424 640 3467 ιο.
808 3401 1198 3489 Stringebat,
1244 3405 1419 3469 veris
1464 3403 1759 3470 redditus
1805 3404 2012 3469 instar
2055 3412 2213 3486 erat,

704 3506 921 3571 Nullis
967 3507 1265 3574 turbatus
1315 3508 1556 3575 nimbis
1601 3510 1926 3596 nullisque
1971 3506 2290 3596 procellis,

816 3611 1138 3679 Horridus
1184 3622 1297 3679 aut
1340 3616 1570 3700 ventis,
1615 3615 1816 3681 Aeole
1861 3636 2074 3699 saeve,
2120 3613 2268 3679 tuis.

710 3718 994 3805 Navigat
1039 3729 1477 3807 autumnoque
1523 3721 1790 3787 antistes
1837 3729 1900 3788 et
1946 3743 2138 3786 amne
2182 3716 2496 3799 secund03

816 3824 999 3892 Silva
1043 3825 1242 3892 dabat
1288 3835 1528 3913 noctes,
1572 3827 1814 3894 flumen
1861 3836 1924 3893 et
1971 3826 2151 3892 unda
2196 3824 2353 3891 dies.

551 3953 644 3996 ιε.
707 3930 965 4019 Oppida
1009 3933 1246 4020 quippe
1292 3931 1434 3998 lues
1480 3932 1799 4022 villasque
1843 3934 2089 3999 intrare
2130 3930 2411 4017 vetabat,

816 4038 984 4102 Dira
1027 4036 1185 4122 lues,
1232 4038 1468 4104 multos
1513 4062 1680 4126 quae
1725 4038 1924 4105 dabat
1970 4060 2102 4103 una
2146 4038 2309 4103 neci.

707 4141 1000 4208 Lueebat
1043 4151 1210 4208 totas
1256 4142 1515 4209 Phoebe
1560 4144 1952 4209 nitidissima
1996 4152 2236 4226 noctes,

815 4245 962 4315 Sole
1007 4247 1291 4313 micante
1337 4246 1475 4314 dies
1521 4270 1650 4314 non
1696 4271 1886 4337 mage
1931 4247 2151 4314 clarus
2195 4255 2349 4312 erat.

708 4353 981 4420 Noctem
1028 4376 1226 4419 unam
1271 4354 1545 4445 excipio,
1588 4356 1801 4421 ventis
1846 4377 2013 4442 quae
2058 4352 2367 4419 flantibus
2412 4350 2656 4418 almum

547 4483 643 4527 20.
807 4460 1099 4528 Involvit
1144 4460 1434 4529 Phoebes
1481 4462 1765 4529 nubibus
1812 4472 1954 4528 atra
1999 4470 2213 4551 caput,

793 4574 907 4582 --o-—n

711 4623 732 4656 ¹
768 4626 1180 4694 Navigationem
1225 4627 1326 4679 hoc
1361 4627 1601 4680 carmine
1637 4627 1977 4694 descriptam,
2026 4641 2189 4692 quam
2238 4630 2468 4691 tang-unt
2516 4622 2780 4686 earmina,

495 4731 634 4780 quae
669 4731 833 4782 supra
857 4715 1121 4782 propo-ul,
1160 4716 1292 4770 fecit
1315 4717 1643 4769 Carncovius
1670 4724 1925 4770 autumno
1951 4732 2000 4768 a.
2026 4714 2181 4769 1568.
2221 4715 2448 4766 Carmen
2473 4712 2576 4765 hoc
2599 4716 2777 4763 exstat

496 4803 554 4855 in
591 4803 707 4856 cod.
747 4819 890 4856 corn.
929 4820 1016 4870 με.
1058 4802 1162 4858 168
1197 4820 1296 4870 sq„
1332 4803 1390 4856 in
1427 4821 1528 4857 oss.
1568 4821 1654 4872 pg.
1693 4803 1763 4858 31
1801 4821 1879 4871 sq.
2481 4878 2487 4884 .

708 4898 933 4940 euenum.
975 4900 1030 4940 τ.
1053 4900 1090 4940 1.
2494 4888 2564 4942 18
