4109 5767
901 835 1075 873 ΒΔΝῊΕΟᾸΙΔ.

442 1049 488 1093 ιο.
519 1027 671 1094 Dantisei
693 1027 758 1094 late
780 1027 943 1116 populum.
974 1029 1041 1110 Qui
1064 1029 1252 1096 auotoribus
1274 1028 1339 1094 illis

523 1135 640 1201 Fertur
662 1134 697 1200 in
720 1157 810 1200 arma
833 1135 946 1200 minax
968 1144 1139 1223 emotaque
1161 1144 1269 1202 mente
1290 1135 1442 1202 iuventus

524 1240 676 1306 Exsultat
698 1241 814 1328 cristis,
837 1240 1007 1329 longisque
1027 1241 1201 1308 hastilibus
1222 1241 1340 1327 horret,

524 1345 651 1431 Nomia,
673 1368 754 1433 qnos
776 1354 873 1432 petat,
894 1347 921 1411 it
944 1346 1119 1412 clamorem
1141 1346 1185 1412 ad
1207 1346 1315 1412 sidera
1337 1346 1463 1413 tollens.

524 1449 732 1536 complevere
754 1451 835 1535 vias,
857 1459 1024 1538 tamquam
1047 1451 1226 1518 Germania
1247 1450 1379 1536 bellum,

445 1577 491 1621 rs.
522 1555 658 1622 Viribus
680 1565 737 1622 aut
759 1556 844 1622 alius
866 1566 996 1624 moveat
1018 1557 1198 1624 maioribus
1219 1557 1330 1643 hostis,

524 1663 628 1730 Milite
650 1685 710 1731 een
733 1664 818 1731 fetae
840 1663 883 1730 ad
905 1664 982 1731 litus
1006 1675 1091 1732 stent
1113 1664 1202 1733 mille
1225 1667 1364 1752 earinao„

525 1773 629 1839 Marte
651 1782 800 1860 premant
823 1773 910 1840 aoies
932 1771 1127 1862 admotaque
1149 1773 1301 1842 maehina
1323 1797 1428 1860 muro,

526 1881 718 1970 Inspeotura
739 1879 861 1967 domos,
884 1880 1008 1948 medias
1032 1892 1182 1970 assurgat
1203 1883 1238 1948 in
1260 1905 1367 1949 anm.

527 1987 569 2055 Se
592 1987 712 2054 clausis
735 1986 861 2055 abdunt
883 1989 984 2078 portis
1005 1998 1039 2056 et
1060 1990 1189 2056 moenia
1211 1990 1348 2078 oingunt

446 2117 493 2161 so.
524 2095 678 2182 dumetis,
701 2094 828 2182 fulgent
849 2095 971 2184 galeae„
994 2097 1095 2163 micat
1117 2095 1261 2184 undique
1282 2095 1419 2162 forrumr
1525 2143 1530 2153 ·

526 2201 651 2267 Tantus
674 2202 794 2290 ubique
816 2224 918 2289 pavor
940 2203 1132 2269 miserorum
1155 2212 1288 2290 peotora
1309 2211 1431 2269 uersat.

527 2307 642 2394 legati
664 2305 795 2397 hospitii
819 2330 952 2375 aooessu
976 2307 1188 2397 prohibentur
1209 2317 1243 2375 et
1266 2307 1364 2393 urbis,

527 2415 711 2482 insomnem
734 2415 812 2482 ludo
835 2415 926 2483 dueit
948 2415 1098 2484 eustodia
1120 2425 1260 2499 nootom3

527 2523 681 2612 Indulget
704 2523 828 2591 baeoho
850 2533 883 2590 et
905 2533 1048 2591 crateras
1071 2525 1170 2590 uertit
1192 2523 1323 2610 ahenos,

487 2683 495 2698 .
526 2632 569 2698 Et
591 2642 739 2720 repetens
762 2642 839 2720 potu
862 2631 953 2720 large
976 2655 1011 2699 se
1034 2631 1154 2720 proluit
1175 2641 1255 2698 atro.

528 2740 693 2807 Delicium
715 2741 822 2828 gentis
845 2740 984 2806 oervisia
993 2744 1013 2824 ¹,
1037 2751 1114 2806 nota
1135 2739 1242 2806 oolore

528 2846 697 2932 Nigrsntis
720 2846 803 2932 pieis
826 2856 858 2911 et
880 2855 982 2912 tetrae
1004 2845 1153 2933 fuliginis
1176 2847 1288 2910 instar.

618 2952 765 3018 Vertitur
788 2953 910 3018 interea
933 2952 1060 3019 eaelum
1082 2960 1116 3018 et
1137 2951 1197 3018 lux
1219 2951 1306 3018 alma
1328 2950 1394 3017 diei

531 3058 681 3126 Ostendit
703 3059 806 3126 maria
828 3069 861 3126 et
883 3069 985 3126 terras
1008 3058 1200 3126 mortalibus
1222 3059 1338 3146 aegris,

449 3189 497 3232 so.
527 3166 581 3232 Ad
605 3165 766 3256 durosque
788 3176 885 3234 vooat
907 3165 1043 3254 depulsa
1065 3176 1159 3233 noete
1181 3165 1316 3236 labores.
1348 3173 1352 3178 “

531 3273 683 3360 Surgitur
705 3297 723 3342 e
746 3274 863 3339 stratis.
888 3273 1008 3341 Somno
1030 3274 1087 3361 qui
1109 3272 1298 3357 indulserat,
1321 3273 1425 3337 aroris

531 3378 684 3445 induitur
705 3379 798 3446 miles
820 3401 993 3467 murosque
1015 3388 1048 3445 et
1069 3379 1198 3445 moenia
1219 3388 1335 3463 servat,

530 3486 745 3572 Prospeetans
767 3485 841 3572 lats,
864 3486 892 3552 si
915 3509 998 3574 quae
1019 3486 1131 3551 vieina
1152 3508 1211 3572 per
1233 3506 1315 3550 arva

531 3592 699 3678 Apparent
722 3591 809 3658 aoies
831 3591 1028 3679 inimicaque
1050 3590 1126 3679 pila,
1149 3589 1297 3678 manipli3
1437 3578 1441 3585 ⁴

491 3747 499 3761 .
530 3697 686 3764 Hinnitus
709 3707 741 3764 et
764 3699 792 3764 si
814 3720 991 3786 pauoorum
1015 3698 1142 3765 audivit
1163 3719 1329 3786 equmum,

532 3803 660 3890 Cogitat
682 3803 843 3895 extemplo
867 3827 1055 3874 nuurorosas
1078 3805 1191 3873 arlsoro
1213 3813 1346 3890 turmas,

532 3913 681 4000 Infestos,
705 3912 777 3980 urbi
800 3913 965 3980 excidium
989 3938 1072 4002 quae
1095 3914 1186 3980 triste
1209 3913 1380 3979 minentur.

531 4020 634 4086 Arma
656 4043 769 4087 amens
792 4021 930 4108 stringit,
955 4020 1158 4108 formidoque
1180 4029 1310 4108 peotora
1332 4017 1453 4106 pulsat.

621 4125 683 4190 His
705 4148 855 4213 prooeres
878 4127 972 4213 regni
994 4135 1026 4192 et
1048 4126 1172 4214 legatos
1194 4125 1281 4213 regis
1304 4124 1418 4191 amieis

491 4280 499 4296 .
531 4230 662 4298 Seilioet
683 4254 841 4322 exaspera
863 4232 990 4300 modis?
1016 4231 1099 4299 haee
1121 4241 1250 4320 peotore
1272 4237 1382 4297 vmsat

532 4337 661 4405 Perfida
682 4361 772 4426 gens,
795 4339 889 4406 iustis
911 4362 982 4407 sese
1005 4363 1085 4406 ausa
1106 4361 1266 4430 opponere
1288 4337 1446 4426 sceptris?

532 4446 710 4534 Exagitant
731 4457 861 4536 gentem
884 4449 998 4534 furiae,
1020 4458 1053 4516 et
1075 4447 1237 4515 dementia
1259 4454 1358 4513 vexat

532 4553 655 4621 Vesani
677 4564 817 4622 mentem
840 4555 959 4645 populi,
982 4556 1154 4622 mitissima
1176 4555 1263 4644 regis

534 4804 543 4836 ¹
563 4807 620 4860 soil.
645 4809 730 4872 „Nam
748 4809 872 4862 doliolum
891 4810 979 4877 gentle
999 4808 1115 4862 esnisia
1132 4809 1199 4860 αι’.
1230 4807 1282 4859 Sed
1299 4808 1413 4858 tortasse
1431 4803 1568 4872 quaedam

427 4893 583 4946 exciderunt
601 4902 649 4947 aut
667 4896 782 4948 traditus
800 4898 874 4950 loeus
894 4905 1034 4964 corruptus
1052 4905 1101 4949 est.
