4109 5767
917 762 1091 798 ΜΝΤΙΙΙΟΛΙΑ.

574 843 600 852 α..
609 843 672 852 ...ιιι-
918 834 1072 852 -..ἒ-.-η

590 954 684 1040 Aere,
707 975 804 1020 annm
826 974 903 1020 cum
925 953 985 1020 vix
1007 976 1063 1020 aea
1086 966 1259 1022 numerare
1281 964 1387 1042 queat

537 1060 610 1126 Non
633 1069 743 1146 regom
766 1067 956 1144 agnoscunt,
979 1082 1045 1126 non
1067 1060 1160 1148 regia
1181 1059 1271 1126 iussa
1293 1070 1475 1150 capescunt,

456 1189 504 1232 aa.
588 1164 720 1252 Sprctos
742 1165 866 1252 legatos
889 1166 1009 1253 aspicio
1031 1188 1108 1233 eece
1130 1176 1212 1233 tuoe.
1254 1235 1257 1240 ,
1292 1252 1295 1259 .
1345 1180 1351 1186 ’

535 1272 669 1360 Legatin
692 1270 837 1340 clausere
860 1271 977 1358 forum,
1000 1271 1147 1340 clausero
1169 1271 1352 1358 macellum,

589 1378 786 1446 Clauserunt
808 1378 926 1465 aditus,
948 1380 1085 1466 moenia,
1109 1379 1238 1469 templa,
1261 1378 1403 1455 domoc„

536 1486 630 1567 Quae
652 1486 712 1555 tibi
735 1484 848 1553 clausa
869 1494 957 1572 puta.
979 1485 1069 1566 Quid
1091 1487 1188 1573 enim,
1212 1508 1273 1554 rex
1294 1485 1415 1575 inclite3
1437 1481 1546 1575 refert,

421 1649 429 1665 .
459 1600 462 1609 ⁴
589 1593 732 1664 Nuntius
755 1615 797 1661 un
820 1591 972 1681 princeps
993 1591 1057 1660 hoc
1078 1592 1222 1682 patiatur
1243 1593 1352 1661 idem?

453 1723 502 1769 aa.
533 1703 594 1768 llat
616 1702 720 1768 instar
741 1724 856 1791 rogum
879 1710 912 1768 et
932 1700 1093 1789 quaedam
1115 1701 1242 1791 legatus
1264 1702 1382 1792 imago,

589 1809 663 1889 Quo
686 1809 783 1896 laeuo,
807 1818 843 1874 ut
864 1806 953 1876 laeuo
975 1808 1131 1900 principe,
1155 1809 1279 1877 crimen
1301 1809 1372 1876 erit

535 1917 609 1982 Non
633 1916 766 1983 inventa
788 1915 865 1982 ullis
887 1940 968 2005 gene
991 1927 1039 1984 cat
1062 1925 1129 1983 tam
1152 1917 1295 1984 barbara
1315 1917 1421 2006 terrie,

590 2023 664 2104 Qua
686 2047 821 2091 currum
844 2023 941 2090 Titan
964 2024 1091 2113 fertque
1113 2025 1276 2113 refertque
1298 2047 1405 2114 auum,

538 2131 631 2213 Quum
653 2153 718 2198 non
742 2131 858 2219 legatie
881 2132 983 2198 iustos
1009 2142 1042 2198 ot
1063 2131 1198 2198 haberet
1219 2130 1367 2220 honores,

455 2264 503 2306 ao.
587 2239 631 2306 llt
652 2249 745 2329 grato
769 2239 934 2328 exciperet
957 2240 1092 2307 comiter
1114 2239 1262 2330 hospitio.

538 2347 604 2429 Qui
627 2349 745 2414 bruma
766 2348 848 2416 hacc
871 2348 1002 2415 ineunte
1025 2348 1155 2436 audent,
1178 2348 1258 2438 quid
1281 2371 1358 2416 vere
1379 2370 1519 2435 reverso,

589 2455 662 2521 Rex
684 2454 845 2542 Auguste,
868 2454 932 2521 sibi
954 2478 1018 2522 non
1041 2454 1175 2523 licuisse
1197 2457 1333 2544 putent?

539 2561 622 2627 Cum
645 2560 795 2649 placidus
818 2562 925 2629 ventis
948 2571 1013 2628 atat
1036 2571 1154 2648 pontus
1183 2571 1216 2629 et
1239 2583 1380 2649 aequora
1401 2571 1520 2628 nautae

592 2665 765 2732 Fluctibus
787 2666 930 2732 invitant
952 2666 987 2731 in
1010 2667 1098 2731 vada
1124 2677 1202 2733 nota
1224 2667 1317 2731 ania?

456 2791 505 2837 aa.
536 2771 610 2853 Quo
633 2770 781 2861 Scyllam
802 2781 836 2837 et
856 2769 985 2862 libycas
1007 2770 1105 2838 liceat
1128 2781 1335 2838 contemnere
1349 2771 1464 2862 Syrtes

592 2878 751 2966 Tempore
773 2887 806 2944 et
828 2877 938 2944 infidia
962 2879 1095 2946 credere
1118 2878 1193 2946 vela
1214 2879 1322 2945 notis?
1344 2898 1348 2904 ’

537 2985 628 3051 Iram
651 3007 759 3072 aenae,
782 2985 931 3052 meritam
953 3008 1091 3074 poenam
1114 2985 1299 3054 accelerare
1316 3007 1449 3053 neeeme
1463 2993 1526 3067 αις

591 3091 734 3180 Sumque
756 3091 959 3180 principibus
982 3092 1228 3182 praecipitanda
1249 3114 1341 3158 mora
1362 3100 1420 3159 eet.

538 3199 722 3265 Assumunt
744 3198 890 3265 animum
912 3207 1030 3286 sontes,
1053 3199 1194 3267 eudocia
1216 3199 1343 3288 crescit,

438 3329 507 3374 roo.
594 3305 631 3373 Si
652 3307 804 3394 princepe
827 3305 959 3372 sceleris
982 3308 1112 3394 segnior
1135 3306 1221 3373 ultor
1244 3307 1315 3392 erit,
1344 3325 1347 3331 ·

538 3413 583 3478 Et
605 3435 690 3479 nova
713 3414 905 3503 contemptis
928 3415 1128 3481 meditantur
1150 3415 1290 3482 crimina
1312 3413 1458 3502 sceptris,

593 3519 635 3585 Iu
657 3519 745 3586 mala
766 3521 949 3608 praeteritis
972 3520 1182 3588 accumulare
1204 3520 1309 3586 malin.
1358 3546 1378 3567 ἰ

540 3624 703 3693 Inclamat
724 3636 835 3694 nostor
858 3626 951 3696 funus
975 3629 1046 3696 sine
1069 3628 1206 3694 crimino
1229 3626 1376 3715 sanguis:
1452 3699 1455 3705 ,

510 3801 513 3808 ,
597 3732 788 3820 „Ulciscara
810 3743 892 3820 tuos,
914 3735 970 3822 qni
993 3735 1064 3802 aina
1085 3735 1158 3824 loge
1181 3735 1312 3803 eadunt

437 3859 507 3906 rou.
542 3839 611 3904 Aut
633 3839 735 3905 nostri
757 3839 877 3906 oblitus
901 3849 933 3906 te
956 3840 1127 3923 ulciueero3
1151 3840 1237 3906 ferre
1258 3839 1370 3906 licebit

594 3943 631 4011 Si
653 3954 711 4010 tna
733 3946 885 4011 maiestas
908 3945 997 4012 lucca
1019 3955 1176 4033 tuumque
1200 3945 1301 4011 decue

540 4049 591 4117 Sit
613 4059 738 4116 sartum
760 4060 793 4117 et
815 4060 946 4137 tectum,
968 4051 1053 4118 mule
1074 4061 1171 4118 natue
1194 4059 1227 4117 et
1248 4050 1304 4116 ille
1326 4059 1466 4138 senatun,

592 4156 633 4220 In
656 4178 752 4244 quem
775 4155 910 4244 deliquit
921 4161 941 4242 ¹,
965 4158 1083 4224 sentiat
1099 4167 1202 4244 ‘atque
1224 4156 1309 4222 fleat
1340 4194 1342 4197 ·

539 4261 629 4342 Quid
652 4263 749 4330 fleat?
770 4263 860 4330 hand
883 4263 1037 4350 lacrimis,
1059 4264 1224 4353 persolvat
1246 4263 1406 4352 sanguine
1422 4286 1562 4354 poenam

425 4390 507 4436 ,rra
594 4369 742 4440 Mordeat
764 4382 797 4440 et
820 4393 914 4440 caeno
936 4382 1070 4462 gutture
1092 4371 1187 4438 funus
1208 4371 1355 4438 humum.

541 4477 738 4546 antnribne
761 4481 933 4570 corvisque
955 4479 1104 4549 voranda
1126 4479 1287 4548 cadavera
1308 4490 1454 4570 prostent
1555 4534 1559 4542 ,

543 4729 642 4782 'mata
662 4731 790 4784 exhibent
809 4733 985 4798 ‚umlixitffi
1016 4733 1133 4786 Correxi.
1163 4733 1290 4786 Fortuna
1308 4732 1416 4802 acriprlt
1432 4733 1477 4785 R:
1508 4731 1575 4808 ,ina

436 4819 510 4886 qnod
527 4819 687 4873 nanuum&
