<?xml version="1.0" encoding="UTF-8"?>
<!DOCTYPE html PUBLIC "-//W3C//DTD XHTML 1.0 Transitional//EN"
    "http://www.w3.org/TR/xhtml1/DTD/xhtml1-transitional.dtd">
<html xmlns="http://www.w3.org/1999/xhtml" xml:lang="en" lang="en">
 <head>
  <title>
</title>
<meta http-equiv="Content-Type" content="text/html;charset=utf-8" />
  <meta name='ocr-system' content='tesseract 3.04.00' />
  <meta name='ocr-capabilities' content='ocr_page ocr_carea ocr_par ocr_line ocrx_word'/>
</head>
<body>
  <div class='ocr_page' id='page_1' title='image "./petriroyziimaur00morogoog_0055.png"; bbox 0 0 4109 5767; ppageno 0'>
   <div class='ocr_carea' id='block_1_1' title="bbox 933 745 1579 797">
    <p class='ocr_par' dir='ltr' id='par_1_1' title="bbox 933 745 1579 797">
     <span class='ocr_line' id='line_1_1' title="bbox 933 745 1579 797; baseline -0.003 0"><span class='ocrx_word' id='word_1_1' title='bbox 933 764 1090 797; x_wconf 73' lang='lat' dir='ltr'><strong>utrumme.</strong></span> <span class='ocrx_word' id='word_1_2' title='bbox 1477 745 1579 797; x_wconf 80' lang='lat' dir='ltr'>LXVII</span> 
     </span>
    </p>
   </div>
   <div class='ocr_carea' id='block_1_2' title="bbox 439 830 1575 851">
    <p class='ocr_par' dir='ltr' id='par_1_2' title="bbox 439 830 1575 851">
     <span class='ocr_line' id='line_1_2' title="bbox 439 830 1575 839; baseline 0.001 0"><span class='ocrx_word' id='word_1_3' title='bbox 439 832 443 839; x_wconf 84' lang='grc' dir='ltr'>ι</span> <span class='ocrx_word' id='word_1_4' title='bbox 548 830 893 839; x_wconf 75' lang='lat'><em>——--——-.—.-—---</em></span> <span class='ocrx_word' id='word_1_5' title='bbox 1053 832 1076 837; x_wconf 74' lang='lat'><strong>-›</strong></span> <span class='ocrx_word' id='word_1_6' title='bbox 1092 830 1535 839; x_wconf 47' lang='grc' dir='ltr'>*σῃ-...ο-</span> <span class='ocrx_word' id='word_1_7' title='bbox 1561 830 1575 839; x_wconf 61' lang='grc' dir='ltr'>α</span> 
     </span>
     <span class='ocr_line' id='line_1_3' title="bbox 439 842 1193 851; baseline -0.001 0"><span class='ocrx_word' id='word_1_8' title='bbox 439 844 457 850; x_wconf 86' lang='lat'><em>-</em></span> <span class='ocrx_word' id='word_1_9' title='bbox 480 844 534 851; x_wconf 65' lang='lat'>0...-</span> <span class='ocrx_word' id='word_1_10' title='bbox 548 842 908 851; x_wconf 56' lang='grc' dir='ltr'><strong>-ιι--ι--Ἤ</strong></span> <span class='ocrx_word' id='word_1_11' title='bbox 918 842 1008 851; x_wconf 75' lang='lat'><strong>---·=--</strong></span> <span class='ocrx_word' id='word_1_12' title='bbox 1037 844 1193 851; x_wconf 46' lang='grc' dir='ltr'><strong>..-να-..-</strong></span> 
     </span>
    </p>
   </div>
   <div class='ocr_carea' id='block_1_3' title="bbox 437 954 1582 4973">
    <p class='ocr_par' dir='ltr' id='par_1_3' title="bbox 437 954 1579 2859">
     <span class='ocr_line' id='line_1_4' title="bbox 441 954 1578 1045; baseline 0.001 -27"><span class='ocrx_word' id='word_1_13' title='bbox 441 954 530 1039; x_wconf 68' lang='lat' dir='ltr'><strong>sisse7</strong></span> <span class='ocrx_word' id='word_1_14' title='bbox 561 963 658 1042; x_wconf 89' lang='lat' dir='ltr'><strong>atquc</strong></span> <span class='ocrx_word' id='word_1_15' title='bbox 688 954 934 1022; x_wconf 87' lang='lat' dir='ltr'><strong>coniunctivum</strong></span> <span class='ocrx_word' id='word_1_16' title='bbox 965 955 1100 1043; x_wconf 84' lang='lat' dir='ltr'><strong>perlecti</strong></span> <span class='ocrx_word' id='word_1_17' title='bbox 1131 956 1285 1045; x_wconf 89' lang='lat' dir='ltr'><strong>temporis</strong></span> <span class='ocrx_word' id='word_1_18' title='bbox 1317 976 1392 1022; x_wconf 90' lang='lat' dir='ltr'><strong>cum</strong></span> <span class='ocrx_word' id='word_1_19' title='bbox 1416 955 1578 1043; x_wconf 75' lang='lat' dir='ltr'><strong>praesenti</strong></span> 
     </span>
     <span class='ocr_line' id='line_1_5' title="bbox 439 1061 1578 1151; baseline 0.002 -26"><span class='ocrx_word' id='word_1_20' title='bbox 439 1062 617 1127; x_wconf 78' lang='lat' dir='ltr'><strong>sententiae</strong></span> <span class='ocrx_word' id='word_1_21' title='bbox 640 1061 814 1149; x_wconf 86' lang='lat' dir='ltr'><strong>primariae</strong></span> <span class='ocrx_word' id='word_1_22' title='bbox 837 1063 894 1148; x_wconf 90' lang='grc' dir='ltr'><strong>(Π,</strong></span> <span class='ocrx_word' id='word_1_23' title='bbox 917 1063 992 1148; x_wconf 79' lang='grc'><strong>451,</strong></span> <span class='ocrx_word' id='word_1_24' title='bbox 1016 1062 1064 1149; x_wconf 91' lang='grc' dir='ltr'><strong>ΙΙ,</strong></span> <span class='ocrx_word' id='word_1_25' title='bbox 1088 1063 1152 1151; x_wconf 90' lang='grc'><strong>10),</strong></span> <span class='ocrx_word' id='word_1_26' title='bbox 1182 1062 1301 1129; x_wconf 89' lang='lat' dir='ltr'><strong>deinde</strong></span> <span class='ocrx_word' id='word_1_27' title='bbox 1331 1062 1578 1129; x_wconf 85' lang='lat' dir='ltr'><strong>coniunctivum</strong></span> 
     </span>
     <span class='ocr_line' id='line_1_6' title="bbox 439 1170 1579 1257; baseline 0.003 -24"><span class='ocrx_word' id='word_1_28' title='bbox 439 1170 619 1255; x_wconf 89' lang='lat' dir='ltr'><strong>praesentis</strong></span> <span class='ocrx_word' id='word_1_29' title='bbox 643 1170 885 1257; x_wconf 70' lang='lat' dir='ltr'><strong>cum&#39;persecta</strong></span> <span class='ocrx_word' id='word_1_30' title='bbox 908 1170 1061 1235; x_wconf 84' lang='lat' dir='ltr'><strong>historico</strong></span> <span class='ocrx_word' id='word_1_31' title='bbox 1084 1170 1230 1236; x_wconf 91' lang='lat' dir='ltr'><strong>eiusdem</strong></span> <span class='ocrx_word' id='word_1_32' title='bbox 1251 1170 1376 1236; x_wconf 78' lang='lat' dir='ltr'>ordinis</span> <span class='ocrx_word' id='word_1_33' title='bbox 1399 1170 1579 1236; x_wconf 88' lang='lat' dir='ltr'><strong>sententiae</strong></span> 
     </span>
     <span class='ocr_line' id='line_1_7' title="bbox 438 1275 1579 1365; baseline 0 -24"><span class='ocrx_word' id='word_1_34' title='bbox 438 1275 495 1361; x_wconf 86' lang='lat'>(11,</span> <span class='ocrx_word' id='word_1_35' title='bbox 519 1277 593 1361; x_wconf 83' lang='lat'><strong>290,</strong></span> <span class='ocrx_word' id='word_1_36' title='bbox 618 1277 662 1361; x_wconf 87' lang='lat'><strong>11,</strong></span> <span class='ocrx_word' id='word_1_37' title='bbox 685 1278 719 1360; x_wconf 84' lang='lat'><strong>3)</strong></span> <span class='ocrx_word' id='word_1_38' title='bbox 742 1278 959 1342; x_wconf 80' lang='lat' dir='ltr'><strong>coniunxisse.</strong></span> <span class='ocrx_word' id='word_1_39' title='bbox 987 1276 1091 1365; x_wconf 87' lang='lat' dir='ltr'><strong>Saepe</strong></span> <span class='ocrx_word' id='word_1_40' title='bbox 1114 1276 1193 1343; x_wconf 89' lang='lat' dir='ltr'><strong>talia</strong></span> <span class='ocrx_word' id='word_1_41' title='bbox 1216 1277 1383 1343; x_wconf 89' lang='lat' dir='ltr'><strong>commode</strong></span> <span class='ocrx_word' id='word_1_42' title='bbox 1406 1278 1451 1342; x_wconf 89' lang='lat' dir='ltr'><strong>ita</strong></span> <span class='ocrx_word' id='word_1_43' title='bbox 1473 1276 1579 1365; x_wconf 89' lang='lat' dir='ltr'><strong>expli-</strong></span> 
     </span>
     <span class='ocr_line' id='line_1_8' title="bbox 439 1383 1578 1472; baseline 0.001 -25"><span class='ocrx_word' id='word_1_44' title='bbox 439 1390 564 1467; x_wconf 86' lang='lat' dir='ltr'><strong>cantur,</strong></span> <span class='ocrx_word' id='word_1_45' title='bbox 595 1392 630 1447; x_wconf 89' lang='lat' dir='ltr'><strong>ut</strong></span> <span class='ocrx_word' id='word_1_46' title='bbox 660 1394 867 1471; x_wconf 85' lang='lat' dir='ltr'><strong>praesumpta</strong></span> <span class='ocrx_word' id='word_1_47' title='bbox 898 1384 1022 1449; x_wconf 90' lang='lat' dir='ltr'><strong>ratione</strong></span> <span class='ocrx_word' id='word_1_48' title='bbox 1052 1383 1192 1470; x_wconf 91' lang='lat' dir='ltr'><strong>quadam</strong></span> <span class='ocrx_word' id='word_1_49' title='bbox 1223 1383 1329 1472; x_wconf 81' lang='lat' dir='ltr'><strong>logica</strong></span> <span class='ocrx_word' id='word_1_50' title='bbox 1360 1384 1431 1472; x_wconf 92' lang='lat' dir='ltr'><strong>ipsa</strong></span> <span class='ocrx_word' id='word_1_51' title='bbox 1453 1383 1578 1449; x_wconf 83' lang='lat' dir='ltr'><strong>formae</strong></span> 
     </span>
     <span class='ocr_line' id='line_1_9' title="bbox 439 1488 1577 1579; baseline 0 -26"><span class='ocrx_word' id='word_1_52' title='bbox 439 1488 589 1554; x_wconf 87' lang='lat' dir='ltr'><strong>condicio</strong></span> <span class='ocrx_word' id='word_1_53' title='bbox 612 1500 763 1576; x_wconf 87' lang='lat' dir='ltr'><strong>superata</strong></span> <span class='ocrx_word' id='word_1_54' title='bbox 785 1512 856 1554; x_wconf 86' lang='lat' dir='ltr'><strong>csso</strong></span> <span class='ocrx_word' id='word_1_55' title='bbox 871 1488 1008 1573; x_wconf 77' lang='lat' dir='ltr'><strong>(limatur,</strong></span> <span class='ocrx_word' id='word_1_56' title='bbox 1033 1490 1111 1555; x_wconf 80' lang='lat' dir='ltr'><strong>milri</strong></span> <span class='ocrx_word' id='word_1_57' title='bbox 1127 1502 1234 1556; x_wconf 89' lang='lat' dir='ltr'><strong>tamen</strong></span> <span class='ocrx_word' id='word_1_58' title='bbox 1252 1501 1389 1579; x_wconf 81' lang='lat' dir='ltr'><strong>utroquo</strong></span> <span class='ocrx_word' id='word_1_59' title='bbox 1403 1489 1474 1556; x_wconf 91' lang='lat' dir='ltr'><strong>loco</strong></span> <span class='ocrx_word' id='word_1_60' title='bbox 1490 1488 1577 1577; x_wconf 89' lang='lat' dir='ltr'><strong>apud</strong></span> 
     </span>
     <span class='ocr_line' id='line_1_10' title="bbox 438 1595 1578 1686; baseline 0.001 -25"><span class='ocrx_word' id='word_1_61' title='bbox 438 1595 599 1686; x_wconf 80' lang='lat' dir='ltr'><strong>Royaium</strong></span> <span class='ocrx_word' id='word_1_62' title='bbox 624 1597 797 1685; x_wconf 89' lang='lat' dir='ltr'><strong>praecipue</strong></span> <span class='ocrx_word' id='word_1_63' title='bbox 817 1596 1028 1665; x_wconf 82' lang='lat' dir='ltr'><strong>difficultates</strong></span> <span class='ocrx_word' id='word_1_64' title='bbox 1045 1599 1198 1665; x_wconf 82' lang='lat' dir='ltr'><strong>metricae</strong></span> <span class='ocrx_word' id='word_1_65' title='bbox 1213 1598 1362 1663; x_wconf 83' lang='lat' dir='ltr'><strong>vitiosam</strong></span> <span class='ocrx_word' id='word_1_66' title='bbox 1380 1607 1578 1664; x_wconf 88' lang='lat' dir='ltr'><strong>structuram</strong></span> 
     </span>
     <span class='ocr_line' id='line_1_11' title="bbox 439 1702 1578 1794; baseline -0.002 -23"><span class='ocrx_word' id='word_1_67' title='bbox 439 1702 622 1792; x_wconf 72' lang='lat' dir='ltr'><strong>prodidisse</strong></span> <span class='ocrx_word' id='word_1_68' title='bbox 646 1704 808 1771; x_wconf 83' lang='lat' dir='ltr'><strong>videntur.</strong></span> <span class='ocrx_word' id='word_1_69' title='bbox 832 1708 875 1771; x_wconf 85' lang='lat' dir='ltr'><strong>m</strong></span> <span class='ocrx_word' id='word_1_70' title='bbox 899 1707 1106 1791; x_wconf 73' lang='lat' dir='ltr'><strong>migitaticuis</strong></span> <span class='ocrx_word' id='word_1_71' title='bbox 1121 1705 1261 1794; x_wconf 92' lang='lat' dir='ltr'><strong>quadam</strong></span> <span class='ocrx_word' id='word_1_72' title='bbox 1277 1705 1480 1773; x_wconf 80' lang='lat' dir='ltr'><strong>aberratione</strong></span> <span class='ocrx_word' id='word_1_73' title='bbox 1495 1704 1578 1771; x_wconf 89' lang='lat' dir='ltr'><strong>obli·</strong></span> 
     </span>
     <span class='ocr_line' id='line_1_12' title="bbox 440 1811 1578 1901; baseline 0 -26"><span class='ocrx_word' id='word_1_74' title='bbox 440 1811 600 1897; x_wconf 82' lang='lat' dir='ltr'><strong>rioneque</strong></span> <span class='ocrx_word' id='word_1_75' title='bbox 625 1811 747 1876; x_wconf 85' lang='lat' dir='ltr'><strong>sactum</strong></span> <span class='ocrx_word' id='word_1_76' title='bbox 771 1834 841 1877; x_wconf 81' lang='lat' dir='ltr'><strong>esse</strong></span> <span class='ocrx_word' id='word_1_77' title='bbox 865 1814 990 1898; x_wconf 90' lang='lat' dir='ltr'><strong>opinor,</strong></span> <span class='ocrx_word' id='word_1_78' title='bbox 1015 1824 1051 1877; x_wconf 88' lang='lat' dir='ltr'><strong>ut</strong></span> <span class='ocrx_word' id='word_1_79' title='bbox 1073 1814 1215 1901; x_wconf 80' lang='lat' dir='ltr'><strong>Royzius</strong></span> <span class='ocrx_word' id='word_1_80' title='bbox 1238 1814 1481 1878; x_wconf 74' lang='lat' dir='ltr'><strong>consecutivam</strong></span> <span class='ocrx_word' id='word_1_81' title='bbox 1504 1834 1578 1877; x_wconf 86' lang='lat' dir='ltr'><strong>scn-</strong></span> 
     </span>
     <span class='ocr_line' id='line_1_13' title="bbox 439 1916 1578 2006; baseline 0.002 -27"><span class='ocrx_word' id='word_1_82' title='bbox 439 1916 574 1981; x_wconf 88' lang='lat' dir='ltr'><strong>tcntiam</strong></span> <span class='ocrx_word' id='word_1_83' title='bbox 597 1939 742 2001; x_wconf 87' lang='lat' dir='ltr'><strong>exorsus,</strong></span> <span class='ocrx_word' id='word_1_84' title='bbox 773 1916 837 1981; x_wconf 89' lang='lat' dir='ltr'><strong>alio</strong></span> <span class='ocrx_word' id='word_1_85' title='bbox 860 1920 1027 1984; x_wconf 85' lang='lat' dir='ltr'><strong>enuntiato</strong></span> <span class='ocrx_word' id='word_1_86' title='bbox 1050 1918 1235 2006; x_wconf 81' lang='lat' dir='ltr'><strong>explicandi</strong></span> <span class='ocrx_word' id='word_1_87' title='bbox 1260 1940 1360 1984; x_wconf 88' lang='lat' dir='ltr'><strong>causa</strong></span> <span class='ocrx_word' id='word_1_88' title='bbox 1382 1939 1439 2003; x_wconf 89' lang='lat' dir='ltr'><strong>per</strong></span> <span class='ocrx_word' id='word_1_89' title='bbox 1462 1936 1578 2005; x_wconf 87' lang='lat' dir='ltr'><strong>paren·</strong></span> 
     </span>
     <span class='ocr_line' id='line_1_14' title="bbox 439 2018 1578 2111; baseline -0.001 -24"><span class='ocrx_word' id='word_1_90' title='bbox 439 2018 545 2087; x_wconf 85' lang='lat' dir='ltr'><strong>thesin</strong></span> <span class='ocrx_word' id='word_1_91' title='bbox 569 2021 704 2089; x_wconf 86' lang='lat' dir='ltr'><strong>adiecto.</strong></span> <span class='ocrx_word' id='word_1_92' title='bbox 729 2024 863 2089; x_wconf 88' lang='lat' dir='ltr'><strong>rationis</strong></span> <span class='ocrx_word' id='word_1_93' title='bbox 887 2026 987 2090; x_wconf 87' lang='lat' dir='ltr'><strong>initae</strong></span> <span class='ocrx_word' id='word_1_94' title='bbox 1003 2023 1132 2109; x_wconf 86' lang='lat' dir='ltr'><strong>oblitus,</strong></span> <span class='ocrx_word' id='word_1_95' title='bbox 1154 2023 1255 2089; x_wconf 83' lang='lat' dir='ltr'><strong>veluti</strong></span> <span class='ocrx_word' id='word_1_96' title='bbox 1272 2025 1469 2111; x_wconf 83' lang='lat' dir='ltr'><strong>primariam,</strong></span> <span class='ocrx_word' id='word_1_97' title='bbox 1492 2022 1578 2087; x_wconf 93' lang='lat' dir='ltr'><strong>indi-</strong></span> 
     </span>
     <span class='ocr_line' id='line_1_15' title="bbox 439 2127 1578 2218; baseline 0 -26"><span class='ocrx_word' id='word_1_98' title='bbox 439 2128 547 2194; x_wconf 85' lang='lat' dir='ltr'><strong>cativo</strong></span> <span class='ocrx_word' id='word_1_99' title='bbox 560 2127 655 2193; x_wconf 89' lang='lat' dir='ltr'><strong>modo</strong></span> <span class='ocrx_word' id='word_1_100' title='bbox 668 2128 864 2196; x_wconf 77' lang='lat' dir='ltr'><strong>concluserit</strong></span> <span class='ocrx_word' id='word_1_101' title='bbox 875 2131 931 2213; x_wconf 85' lang='grc' dir='ltr'><strong>(ΙΙ,</strong></span> <span class='ocrx_word' id='word_1_102' title='bbox 944 2132 1019 2214; x_wconf 85' lang='grc'><strong>289,</strong></span> <span class='ocrx_word' id='word_1_103' title='bbox 1033 2133 1051 2194; x_wconf 78' lang='lat' dir='ltr'><strong>l</strong></span> <span class='ocrx_word' id='word_1_104' title='bbox 1065 2133 1133 2218; x_wconf 85' lang='lat' dir='ltr'><strong>sq).</strong></span> <span class='ocrx_word' id='word_1_105' title='bbox 1146 2131 1271 2195; x_wconf 87' lang='lat' dir='ltr'><strong>Vitium</strong></span> <span class='ocrx_word' id='word_1_106' title='bbox 1284 2131 1341 2195; x_wconf 82' lang='lat' dir='ltr'><strong>vix</strong></span> <span class='ocrx_word' id='word_1_107' title='bbox 1353 2128 1578 2194; x_wconf 83' lang='lat' dir='ltr'><strong>excusandum</strong></span> 
     </span>
     <span class='ocr_line' id='line_1_16' title="bbox 439 2234 1577 2324; baseline 0 -26"><span class='ocrx_word' id='word_1_108' title='bbox 439 2234 560 2321; x_wconf 83' lang='lat' dir='ltr'><strong>vixque</strong></span> <span class='ocrx_word' id='word_1_109' title='bbox 583 2235 645 2324; x_wconf 90' lang='lat' dir='ltr'><strong>ipsi</strong></span> <span class='ocrx_word' id='word_1_110' title='bbox 669 2234 793 2324; x_wconf 82' lang='lat' dir='ltr'><strong>Royuio</strong></span> <span class='ocrx_word' id='word_1_111' title='bbox 816 2234 1042 2323; x_wconf 88' lang='lat' dir='ltr'><strong>imputandum</strong></span> <span class='ocrx_word' id='word_1_112' title='bbox 1074 2247 1123 2302; x_wconf 89' lang='lat' dir='ltr'><strong>cst</strong></span> <span class='ocrx_word' id='word_1_113' title='bbox 1153 2236 1293 2324; x_wconf 86' lang='lat' dir='ltr'><strong>denique</strong></span> <span class='ocrx_word' id='word_1_114' title='bbox 1320 2236 1403 2301; x_wconf 90' lang='lat' dir='ltr'><strong>illud</strong></span> <span class='ocrx_word' id='word_1_115' title='bbox 1438 2234 1577 2322; x_wconf 83' lang='lat' dir='ltr'><strong>„dignus</strong></span> 
     </span>
     <span class='ocr_line' id='line_1_17' title="bbox 438 2341 1578 2431; baseline 0.001 -26"><span class='ocrx_word' id='word_1_116' title='bbox 438 2341 587 2407; x_wconf 77' lang='lat' dir='ltr'><strong>auferreu</strong></span> <span class='ocrx_word' id='word_1_117' title='bbox 620 2365 679 2431; x_wconf 89' lang='lat' dir='ltr'><strong>pro</strong></span> <span class='ocrx_word' id='word_1_118' title='bbox 709 2344 871 2428; x_wconf 82' lang='lat' dir='ltr'><strong>„auferri“</strong></span> <span class='ocrx_word' id='word_1_119' title='bbox 904 2346 933 2431; x_wconf 95' lang='grc' dir='ltr'><strong>Ι,</strong></span> <span class='ocrx_word' id='word_1_120' title='bbox 961 2346 1036 2428; x_wconf 85' lang='grc'><strong>230,</strong></span> <span class='ocrx_word' id='word_1_121' title='bbox 1065 2346 1115 2410; x_wconf 75' lang='lat' dir='ltr'><strong>ll.</strong></span> <span class='ocrx_word' id='word_1_122' title='bbox 1153 2345 1352 2412; x_wconf 72' lang='lat' dir='ltr'><strong>Oonlrruone</strong></span> <span class='ocrx_word' id='word_1_123' title='bbox 1382 2341 1578 2409; x_wconf 84' lang='lat' dir='ltr'><strong>tamenilla</strong></span> 
     </span>
     <span class='ocr_line' id='line_1_18' title="bbox 438 2449 1575 2540; baseline 0.001 -28"><span class='ocrx_word' id='word_1_124' title='bbox 438 2450 637 2536; x_wconf 87' lang='lat' dir='ltr'><strong>pronominis</strong></span> <span class='ocrx_word' id='word_1_125' title='bbox 660 2450 808 2517; x_wconf 86' lang='lat' dir='ltr'><strong>reflexivi</strong></span> <span class='ocrx_word' id='word_1_126' title='bbox 836 2454 915 2537; x_wconf 79' lang='lat' dir='ltr'><strong>„sui</strong></span> <span class='ocrx_word' id='word_1_127' title='bbox 939 2453 1038 2518; x_wconf 84' lang='lat' dir='ltr'><strong>srurs“</strong></span> <span class='ocrx_word' id='word_1_128' title='bbox 1063 2462 1171 2540; x_wconf 87' lang='lat' dir='ltr'><strong>partes</strong></span> <span class='ocrx_word' id='word_1_129' title='bbox 1194 2452 1394 2539; x_wconf 86' lang='lat' dir='ltr'><strong>pronominis</strong></span> <span class='ocrx_word' id='word_1_130' title='bbox 1413 2451 1469 2537; x_wconf 68' lang='lat' dir='ltr'><strong>„ia</strong></span> <span class='ocrx_word' id='word_1_131' title='bbox 1485 2449 1575 2515; x_wconf 85' lang='lat' dir='ltr'><strong>eius“</strong></span> 
     </span>
     <span class='ocr_line' id='line_1_19' title="bbox 437 2553 1579 2646; baseline 0.001 -25"><span class='ocrx_word' id='word_1_132' title='bbox 437 2578 481 2621; x_wconf 85' lang='lat' dir='ltr'><strong>ex</strong></span> <span class='ocrx_word' id='word_1_133' title='bbox 506 2553 634 2643; x_wconf 88' lang='lat' dir='ltr'><strong>vulgari</strong></span> <span class='ocrx_word' id='word_1_134' title='bbox 658 2558 867 2646; x_wconf 89' lang='lat' dir='ltr'><strong>antiquorum</strong></span> <span class='ocrx_word' id='word_1_135' title='bbox 891 2559 1021 2625; x_wconf 85' lang='lat' dir='ltr'><strong>dicendi</strong></span> <span class='ocrx_word' id='word_1_136' title='bbox 1040 2558 1274 2625; x_wconf 69' lang='lat' dir='ltr'><strong>mausuetudine</strong></span> <span class='ocrx_word' id='word_1_137' title='bbox 1289 2559 1393 2644; x_wconf 86' lang='lat' dir='ltr'><strong>magis</strong></span> <span class='ocrx_word' id='word_1_138' title='bbox 1410 2558 1579 2644; x_wconf 84' lang='lat' dir='ltr'><strong>magisque</strong></span> 
     </span>
     <span class='ocr_line' id='line_1_20' title="bbox 440 2661 1579 2752; baseline 0.002 -27"><span class='ocrx_word' id='word_1_139' title='bbox 440 2661 608 2747; x_wconf 90' lang='lat' dir='ltr'><strong>usquead</strong></span> <span class='ocrx_word' id='word_1_140' title='bbox 632 2664 800 2731; x_wconf 85' lang='lat' dir='ltr'><strong>Laurentii</strong></span> <span class='ocrx_word' id='word_1_141' title='bbox 824 2663 1110 2752; x_wconf 89' lang='lat' dir='ltr'><strong>Vallaetempora</strong></span> <span class='ocrx_word' id='word_1_142' title='bbox 1133 2666 1337 2751; x_wconf 84' lang='lat' dir='ltr'><strong>occupantis,</strong></span> <span class='ocrx_word' id='word_1_143' title='bbox 1370 2666 1435 2728; x_wconf 91' lang='lat' dir='ltr'><strong>iam</strong></span> <span class='ocrx_word' id='word_1_144' title='bbox 1466 2672 1579 2728; x_wconf 88' lang='lat' dir='ltr'><strong>carent</strong></span> 
     </span>
     <span class='ocr_line' id='line_1_21' title="bbox 438 2768 733 2859; baseline 0.01 -27"><span class='ocrx_word' id='word_1_145' title='bbox 438 2768 553 2859; x_wconf 85' lang='lat' dir='ltr'><strong>Royzii</strong></span> <span class='ocrx_word' id='word_1_146' title='bbox 578 2770 733 2835; x_wconf 89' lang='lat' dir='ltr'><strong>earmina.</strong></span> 
     </span>
    </p>

    <p class='ocr_par' dir='ltr' id='par_1_4' title="bbox 439 2873 1582 4887">
     <span class='ocr_line' id='line_1_22' title="bbox 546 2873 1578 2966; baseline -0.002 -25"><span class='ocrx_word' id='word_1_147' title='bbox 546 2876 584 2941; x_wconf 93' lang='lat' dir='ltr'><strong>In</strong></span> <span class='ocrx_word' id='word_1_148' title='bbox 610 2875 737 2943; x_wconf 88' lang='lat' dir='ltr'><strong>delectu</strong></span> <span class='ocrx_word' id='word_1_149' title='bbox 763 2878 937 2943; x_wconf 87' lang='lat' dir='ltr'><strong>verborum</strong></span> <span class='ocrx_word' id='word_1_150' title='bbox 963 2878 1163 2966; x_wconf 81' lang='lat' dir='ltr'><strong>singulisque</strong></span> <span class='ocrx_word' id='word_1_151' title='bbox 1186 2873 1436 2961; x_wconf 71' lang='lat' dir='ltr'><strong>cogitationibus</strong></span> <span class='ocrx_word' id='word_1_152' title='bbox 1463 2875 1578 2940; x_wconf 92' lang='lat' dir='ltr'><strong>adum-</strong></span> 
     </span>
     <span class='ocr_line' id='line_1_23' title="bbox 439 2980 1577 3073; baseline 0.001 -28"><span class='ocrx_word' id='word_1_153' title='bbox 439 2980 574 3047; x_wconf 88' lang='lat' dir='ltr'><strong>brnudis</strong></span> <span class='ocrx_word' id='word_1_154' title='bbox 598 2984 884 3072; x_wconf 76' lang='lat' dir='ltr'><strong>exprimendisque</strong></span> <span class='ocrx_word' id='word_1_155' title='bbox 906 2994 937 3049; x_wconf 87' lang='lat' dir='ltr'><strong>ut</strong></span> <span class='ocrx_word' id='word_1_156' title='bbox 960 2984 1092 3071; x_wconf 85' lang='lat' dir='ltr'><strong>elegans</strong></span> <span class='ocrx_word' id='word_1_157' title='bbox 1116 2985 1259 3073; x_wconf 78' lang='lat' dir='ltr'><strong>Royuiua</strong></span> <span class='ocrx_word' id='word_1_158' title='bbox 1282 2994 1333 3051; x_wconf 78' lang='lat' dir='ltr'><strong>cst</strong></span> <span class='ocrx_word' id='word_1_159' title='bbox 1355 2994 1527 3066; x_wconf 79' lang='lat' dir='ltr'><strong>etaemus,</strong></span> <span class='ocrx_word' id='word_1_160' title='bbox 1550 2982 1577 3046; x_wconf 91' lang='lat' dir='ltr'><strong>si</strong></span> 
     </span>
     <span class='ocr_line' id='line_1_24' title="bbox 439 3089 1579 3177; baseline 0 -25"><span class='ocrx_word' id='word_1_161' title='bbox 439 3097 548 3153; x_wconf 71' lang='lat' dir='ltr'><strong>truucn</strong></span> <span class='ocrx_word' id='word_1_162' title='bbox 574 3090 606 3153; x_wconf 93' lang='lat' dir='ltr'><strong>in</strong></span> <span class='ocrx_word' id='word_1_163' title='bbox 631 3089 769 3173; x_wconf 80' lang='lat' dir='ltr'><strong>siugulis</strong></span> <span class='ocrx_word' id='word_1_164' title='bbox 793 3093 960 3157; x_wconf 79' lang='lat' dir='ltr'><strong>sententiis</strong></span> <span class='ocrx_word' id='word_1_165' title='bbox 985 3091 1157 3157; x_wconf 80' lang='lat' dir='ltr'><strong>vcrlurrum</strong></span> <span class='ocrx_word' id='word_1_166' title='bbox 1182 3091 1342 3176; x_wconf 89' lang='lat' dir='ltr'><strong>ordinem,</strong></span> <span class='ocrx_word' id='word_1_167' title='bbox 1367 3091 1398 3155; x_wconf 91' lang='lat' dir='ltr'><strong>iu</strong></span> <span class='ocrx_word' id='word_1_168' title='bbox 1423 3089 1579 3177; x_wconf 87' lang='lat' dir='ltr'><strong>longiori-</strong></span> 
     </span>
     <span class='ocr_line' id='line_1_25' title="bbox 440 3194 1579 3287; baseline 0.002 -27"><span class='ocrx_word' id='word_1_169' title='bbox 440 3194 501 3261; x_wconf 87' lang='lat' dir='ltr'><strong>bus</strong></span> <span class='ocrx_word' id='word_1_170' title='bbox 524 3197 666 3284; x_wconf 80' lang='lat' dir='ltr'><strong>periodis</strong></span> <span class='ocrx_word' id='word_1_171' title='bbox 682 3200 922 3264; x_wconf 88' lang='lat' dir='ltr'><strong>enuntiatorum</strong></span> <span class='ocrx_word' id='word_1_172' title='bbox 940 3210 1085 3265; x_wconf 90' lang='lat' dir='ltr'><strong>mutuam</strong></span> <span class='ocrx_word' id='word_1_173' title='bbox 1103 3200 1259 3266; x_wconf 89' lang='lat' dir='ltr'><strong>rationem</strong></span> <span class='ocrx_word' id='word_1_174' title='bbox 1277 3198 1579 3287; x_wconf 85' lang='lat' dir='ltr'><strong>copulationemque</strong></span> 
     </span>
     <span class='ocr_line' id='line_1_26' title="bbox 440 3302 1579 3390; baseline 0.001 -23"><span class='ocrx_word' id='word_1_175' title='bbox 440 3314 576 3389; x_wconf 65' lang='lat' dir='ltr'><strong>spectas,</strong></span> <span class='ocrx_word' id='word_1_176' title='bbox 601 3302 711 3370; x_wconf 87' lang='lat' dir='ltr'><strong>multis</strong></span> <span class='ocrx_word' id='word_1_177' title='bbox 724 3304 805 3372; x_wconf 90' lang='lat' dir='ltr'><strong>locis</strong></span> <span class='ocrx_word' id='word_1_178' title='bbox 822 3306 880 3371; x_wconf 86' lang='lat' dir='ltr'><strong>vix</strong></span> <span class='ocrx_word' id='word_1_179' title='bbox 895 3329 969 3371; x_wconf 90' lang='lat' dir='ltr'><strong>oum</strong></span> <span class='ocrx_word' id='word_1_180' title='bbox 989 3306 1181 3373; x_wconf 89' lang='lat' dir='ltr'><strong>insolentiae</strong></span> <span class='ocrx_word' id='word_1_181' title='bbox 1197 3304 1366 3372; x_wconf 89' lang='lat' dir='ltr'><strong>cuiusdam</strong></span> <span class='ocrx_word' id='word_1_182' title='bbox 1380 3305 1579 3390; x_wconf 84' lang='lat' dir='ltr'><strong>inertiaeque</strong></span> 
     </span>
     <span class='ocr_line' id='line_1_27' title="bbox 441 3410 1580 3500; baseline 0.001 -26"><span class='ocrx_word' id='word_1_183' title='bbox 441 3411 577 3476; x_wconf 88' lang='lat' dir='ltr'><strong>crimine</strong></span> <span class='ocrx_word' id='word_1_184' title='bbox 600 3410 771 3478; x_wconf 88' lang='lat' dir='ltr'><strong>absolvere</strong></span> <span class='ocrx_word' id='word_1_185' title='bbox 794 3431 902 3500; x_wconf 89' lang='lat' dir='ltr'><strong>queas.</strong></span> <span class='ocrx_word' id='word_1_186' title='bbox 925 3414 1009 3478; x_wconf 87' lang='lat' dir='ltr'><strong>Nam</strong></span> <span class='ocrx_word' id='word_1_187' title='bbox 1034 3424 1066 3478; x_wconf 91' lang='lat' dir='ltr'><strong>et</strong></span> <span class='ocrx_word' id='word_1_188' title='bbox 1088 3414 1122 3477; x_wconf 90' lang='lat' dir='ltr'><strong>in</strong></span> <span class='ocrx_word' id='word_1_189' title='bbox 1139 3412 1338 3478; x_wconf 89' lang='lat' dir='ltr'><strong>dislocandis</strong></span> <span class='ocrx_word' id='word_1_190' title='bbox 1353 3412 1473 3489; x_wconf 77' lang='lat' dir='ltr'><strong>verbis,</strong></span> <span class='ocrx_word' id='word_1_191' title='bbox 1496 3432 1580 3498; x_wconf 88' lang='lat' dir='ltr'><strong>quae</strong></span> 
     </span>
     <span class='ocr_line' id='line_1_28' title="bbox 441 3517 1579 3606; baseline -0.001 -26"><span class='ocrx_word' id='word_1_192' title='bbox 441 3517 526 3581; x_wconf 81' lang='lat' dir='ltr'><strong>inter</strong></span> <span class='ocrx_word' id='word_1_193' title='bbox 548 3540 583 3583; x_wconf 90' lang='lat' dir='ltr'><strong>se</strong></span> <span class='ocrx_word' id='word_1_194' title='bbox 599 3517 781 3605; x_wconf 74' lang='lat' dir='ltr'><strong>cohaerent,</strong></span> <span class='ocrx_word' id='word_1_195' title='bbox 806 3542 869 3585; x_wconf 89' lang='lat' dir='ltr'><strong>non</strong></span> <span class='ocrx_word' id='word_1_196' title='bbox 885 3520 988 3585; x_wconf 89' lang='lat' dir='ltr'><strong>solum</strong></span> <span class='ocrx_word' id='word_1_197' title='bbox 1006 3522 1118 3585; x_wconf 88' lang='lat' dir='ltr'><strong>tritum</strong></span> <span class='ocrx_word' id='word_1_198' title='bbox 1135 3520 1323 3606; x_wconf 89' lang='lat' dir='ltr'><strong>rationeque</strong></span> <span class='ocrx_word' id='word_1_199' title='bbox 1339 3517 1579 3605; x_wconf 87' lang='lat' dir='ltr'><strong>perspicuitatis</strong></span> 
     </span>
     <span class='ocr_line' id='line_1_29' title="bbox 441 3623 1581 3716; baseline 0.001 -29"><span class='ocrx_word' id='word_1_200' title='bbox 441 3623 610 3711; x_wconf 87' lang='lat' dir='ltr'><strong>probatum</strong></span> <span class='ocrx_word' id='word_1_201' title='bbox 635 3626 780 3694; x_wconf 85' lang='lat' dir='ltr'><strong>ordinem</strong></span> <span class='ocrx_word' id='word_1_202' title='bbox 806 3650 1037 3716; x_wconf 83' lang='lat' dir='ltr'><strong>saepenumero</strong></span> <span class='ocrx_word' id='word_1_203' title='bbox 1061 3629 1182 3694; x_wconf 71' lang='lat' dir='ltr'><strong>(leserit</strong></span> <span class='ocrx_word' id='word_1_204' title='bbox 1207 3637 1240 3692; x_wconf 87' lang='lat' dir='ltr'><strong>ct</strong></span> <span class='ocrx_word' id='word_1_205' title='bbox 1263 3625 1455 3714; x_wconf 89' lang='lat' dir='ltr'><strong>plerumque</strong></span> <span class='ocrx_word' id='word_1_206' title='bbox 1476 3624 1581 3690; x_wconf 89' lang='lat' dir='ltr'><strong>nescit</strong></span> 
     </span>
     <span class='ocr_line' id='line_1_30' title="bbox 440 3731 1578 3822; baseline -0.002 -25"><span class='ocrx_word' id='word_1_207' title='bbox 440 3734 673 3799; x_wconf 85' lang='lat' dir='ltr'><strong>sententiarum</strong></span> <span class='ocrx_word' id='word_1_208' title='bbox 691 3735 848 3801; x_wconf 88' lang='lat' dir='ltr'><strong>circuitus</strong></span> <span class='ocrx_word' id='word_1_209' title='bbox 864 3736 910 3801; x_wconf 91' lang='lat' dir='ltr'><strong>ita</strong></span> <span class='ocrx_word' id='word_1_210' title='bbox 926 3735 1129 3821; x_wconf 83' lang='lat' dir='ltr'><strong>concludere,</strong></span> <span class='ocrx_word' id='word_1_211' title='bbox 1149 3746 1185 3801; x_wconf 91' lang='lat' dir='ltr'><strong>ut</strong></span> <span class='ocrx_word' id='word_1_212' title='bbox 1199 3733 1437 3822; x_wconf 91' lang='lat' dir='ltr'><strong>quodammodo</strong></span> <span class='ocrx_word' id='word_1_213' title='bbox 1452 3731 1578 3820; x_wconf 88' lang='lat' dir='ltr'><strong>respirii</strong></span> 
     </span>
     <span class='ocr_line' id='line_1_31' title="bbox 442 3838 1580 3929; baseline -0.001 -26"><span class='ocrx_word' id='word_1_214' title='bbox 442 3838 635 3929; x_wconf 86' lang='lat' dir='ltr'><strong>singulaque</strong></span> <span class='ocrx_word' id='word_1_215' title='bbox 654 3843 860 3929; x_wconf 86' lang='lat' dir='ltr'><strong>cogitationis</strong></span> <span class='ocrx_word' id='word_1_216' title='bbox 877 3845 1021 3909; x_wconf 84' lang='lat' dir='ltr'><strong>mcurlrra</strong></span> <span class='ocrx_word' id='word_1_217' title='bbox 1038 3843 1213 3929; x_wconf 84' lang='lat' dir='ltr'><strong>colligendi</strong></span> <span class='ocrx_word' id='word_1_218' title='bbox 1229 3843 1271 3907; x_wconf 87' lang='lat' dir='ltr'><strong>sit</strong></span> <span class='ocrx_word' id='word_1_219' title='bbox 1287 3840 1386 3926; x_wconf 84' lang='lat' dir='ltr'><strong>locus,</strong></span> <span class='ocrx_word' id='word_1_220' title='bbox 1409 3838 1580 3905; x_wconf 90' lang='lat' dir='ltr'><strong>sedetiam</strong></span> 
     </span>
     <span class='ocr_line' id='line_1_32' title="bbox 442 3946 1580 4037; baseline -0.002 -27"><span class='ocrx_word' id='word_1_221' title='bbox 442 3946 676 4012; x_wconf 83' lang='lat' dir='ltr'><strong>coacervandis</strong></span> <span class='ocrx_word' id='word_1_222' title='bbox 699 3951 875 4014; x_wconf 83' lang='lat' dir='ltr'><strong>enuntiatis</strong></span> <span class='ocrx_word' id='word_1_223' title='bbox 899 3952 1203 4037; x_wconf 84' lang='lat' dir='ltr'><strong>enuntiatorumque</strong></span> <span class='ocrx_word' id='word_1_224' title='bbox 1233 3949 1388 4014; x_wconf 90' lang='lat' dir='ltr'><strong>membris</strong></span> <span class='ocrx_word' id='word_1_225' title='bbox 1420 3967 1580 4011; x_wconf 88' lang='lat' dir='ltr'><strong>novarum</strong></span> 
     </span>
     <span class='ocr_line' id='line_1_33' title="bbox 442 4053 1581 4143; baseline -0.001 -26"><span class='ocrx_word' id='word_1_226' title='bbox 442 4054 677 4118; x_wconf 85' lang='lat' dir='ltr'><strong>sententiarum</strong></span> <span class='ocrx_word' id='word_1_227' title='bbox 701 4054 931 4123; x_wconf 85' lang='lat' dir='ltr'><strong>additamentis</strong></span> <span class='ocrx_word' id='word_1_228' title='bbox 955 4056 1158 4121; x_wconf 86' lang='lat' dir='ltr'><strong>illustrandis</strong></span> <span class='ocrx_word' id='word_1_229' title='bbox 1181 4053 1449 4143; x_wconf 86' lang='lat' dir='ltr'><strong>explicandisque</strong></span> <span class='ocrx_word' id='word_1_230' title='bbox 1465 4053 1581 4136; x_wconf 83' lang='lat' dir='ltr'><strong>latigat</strong></span> 
     </span>
     <span class='ocr_line' id='line_1_34' title="bbox 440 4160 1580 4249; baseline 0 -26"><span class='ocrx_word' id='word_1_231' title='bbox 440 4181 672 4249; x_wconf 90' lang='lat' dir='ltr'><strong>nonnunquam</strong></span> <span class='ocrx_word' id='word_1_232' title='bbox 698 4160 835 4249; x_wconf 87' lang='lat' dir='ltr'><strong>legentis</strong></span> <span class='ocrx_word' id='word_1_233' title='bbox 857 4164 1001 4227; x_wconf 88' lang='lat' dir='ltr'><strong>animum</strong></span> <span class='ocrx_word' id='word_1_234' title='bbox 1026 4161 1199 4249; x_wconf 87' lang='lat' dir='ltr'><strong>stilumque</strong></span> <span class='ocrx_word' id='word_1_235' title='bbox 1223 4163 1324 4228; x_wconf 84' lang='lat' dir='ltr'><strong>efficit</strong></span> <span class='ocrx_word' id='word_1_236' title='bbox 1347 4160 1444 4247; x_wconf 83' lang='lat' dir='ltr'><strong>pau&#39;lo</strong></span> <span class='ocrx_word' id='word_1_237' title='bbox 1463 4160 1580 4225; x_wconf 88' lang='lat' dir='ltr'><strong>obscu-</strong></span> 
     </span>
     <span class='ocr_line' id='line_1_35' title="bbox 442 4265 1582 4358; baseline 0.002 -29"><span class='ocrx_word' id='word_1_238' title='bbox 442 4265 557 4331; x_wconf 88' lang='lat' dir='ltr'><strong>riorem</strong></span> <span class='ocrx_word' id='word_1_239' title='bbox 581 4266 824 4356; x_wconf 82' lang='lat' dir='ltr'><strong>molestumque.</strong></span> <span class='ocrx_word' id='word_1_240' title='bbox 862 4276 954 4353; x_wconf 64' lang='lat' dir='ltr'><strong>(lurae</strong></span> <span class='ocrx_word' id='word_1_241' title='bbox 979 4293 1067 4356; x_wconf 79' lang='lat' dir='ltr'><strong>eum,</strong></span> <span class='ocrx_word' id='word_1_242' title='bbox 1097 4271 1281 4358; x_wconf 87' lang='lat' dir='ltr'><strong>quicunque</strong></span> <span class='ocrx_word' id='word_1_243' title='bbox 1312 4268 1426 4357; x_wconf 81' lang='lat' dir='ltr'><strong>lloyaii</strong></span> <span class='ocrx_word' id='word_1_244' title='bbox 1459 4268 1582 4355; x_wconf 90' lang='lat' dir='ltr'><strong>scripta</strong></span> 
     </span>
     <span class='ocr_line' id='line_1_36' title="bbox 441 4371 1582 4466; baseline 0.004 -29"><span class='ocrx_word' id='word_1_245' title='bbox 441 4371 565 4459; x_wconf 60' lang='lat' dir='ltr'><strong>legerit,</strong></span> <span class='ocrx_word' id='word_1_246' title='bbox 589 4374 687 4442; x_wconf 85' lang='lat' dir='ltr'><strong>facile</strong></span> <span class='ocrx_word' id='word_1_247' title='bbox 710 4378 755 4441; x_wconf 87' lang='lat' dir='ltr'><strong>ita</strong></span> <span class='ocrx_word' id='word_1_248' title='bbox 778 4402 848 4444; x_wconf 89' lang='lat' dir='ltr'><strong>esse</strong></span> <span class='ocrx_word' id='word_1_249' title='bbox 872 4379 1038 4464; x_wconf 70' lang='lat' dir='ltr'><strong>couredut,</strong></span> <span class='ocrx_word' id='word_1_250' title='bbox 1062 4379 1175 4466; x_wconf 89' lang='lat' dir='ltr'><strong>paucis</strong></span> <span class='ocrx_word' id='word_1_251' title='bbox 1197 4378 1406 4464; x_wconf 82' lang='lat' dir='ltr'><strong>gravioribus</strong></span> <span class='ocrx_word' id='word_1_252' title='bbox 1429 4375 1509 4442; x_wconf 90' lang='lat' dir='ltr'><strong>loeis</strong></span> <span class='ocrx_word' id='word_1_253' title='bbox 1525 4374 1582 4441; x_wconf 91' lang='lat' dir='ltr'><strong>de·</strong></span> 
     </span>
     <span class='ocr_line' id='line_1_37' title="bbox 442 4481 1581 4573; baseline 0.003 -31"><span class='ocrx_word' id='word_1_254' title='bbox 442 4492 680 4547; x_wconf 87' lang='lat' dir='ltr'><strong>monstraturus</strong></span> <span class='ocrx_word' id='word_1_255' title='bbox 703 4486 881 4571; x_wconf 88' lang='lat' dir='ltr'><strong>acquiesco.</strong></span> <span class='ocrx_word' id='word_1_256' title='bbox 922 4488 1027 4572; x_wconf 78' lang='lat' dir='ltr'><strong>Atque</strong></span> <span class='ocrx_word' id='word_1_257' title='bbox 1049 4484 1131 4550; x_wconf 87' lang='lat' dir='ltr'><strong>hace</strong></span> <span class='ocrx_word' id='word_1_258' title='bbox 1153 4485 1254 4550; x_wconf 86' lang='lat' dir='ltr'><strong>habes</strong></span> <span class='ocrx_word' id='word_1_259' title='bbox 1278 4484 1455 4573; x_wconf 85' lang='lat' dir='ltr'><strong>specimina</strong></span> <span class='ocrx_word' id='word_1_260' title='bbox 1485 4481 1581 4547; x_wconf 87' lang='lat' dir='ltr'><strong>laxae</strong></span> 
     </span>
     <span class='ocr_line' id='line_1_38' title="bbox 441 4586 1580 4679; baseline 0.004 -30"><span class='ocrx_word' id='word_1_261' title='bbox 441 4586 611 4653; x_wconf 89' lang='lat' dir='ltr'><strong>cuiusdam</strong></span> <span class='ocrx_word' id='word_1_262' title='bbox 644 4588 882 4679; x_wconf 85' lang='lat' dir='ltr'><strong>languidaeque</strong></span> <span class='ocrx_word' id='word_1_263' title='bbox 913 4593 1145 4658; x_wconf 73' lang='lat' dir='ltr'><strong>sententiarum</strong></span> <span class='ocrx_word' id='word_1_264' title='bbox 1177 4590 1401 4679; x_wconf 87' lang='lat' dir='ltr'><strong>copulationis:</strong></span> <span class='ocrx_word' id='word_1_265' title='bbox 1440 4589 1471 4673; x_wconf 90' lang='lat' dir='ltr'><strong>I,</strong></span> <span class='ocrx_word' id='word_1_266' title='bbox 1506 4591 1580 4672; x_wconf 87' lang='lat'>229,</span> 
     </span>
     <span class='ocr_line' id='line_1_39' title="bbox 441 4694 1579 4785; baseline 0.004 -30"><span class='ocrx_word' id='word_1_267' title='bbox 441 4694 483 4756; x_wconf 78' lang='grc'><strong>47</strong></span> <span class='ocrx_word' id='word_1_268' title='bbox 509 4716 589 4780; x_wconf 82' lang='lat' dir='ltr'><strong>sqq.;</strong></span> <span class='ocrx_word' id='word_1_269' title='bbox 613 4697 687 4774; x_wconf 79' lang='lat'>227,</span> <span class='ocrx_word' id='word_1_270' title='bbox 712 4701 729 4761; x_wconf 93' lang='lat'>1</span> <span class='ocrx_word' id='word_1_271' title='bbox 751 4720 830 4784; x_wconf 85' lang='lat' dir='ltr'><strong>sqq.;</strong></span> <span class='ocrx_word' id='word_1_272' title='bbox 855 4700 883 4780; x_wconf 78' lang='grc' dir='ltr'><strong>ὓ,</strong></span> <span class='ocrx_word' id='word_1_273' title='bbox 908 4700 950 4765; x_wconf 86' lang='grc'><strong>36</strong></span> <span class='ocrx_word' id='word_1_274' title='bbox 967 4721 1047 4785; x_wconf 84' lang='lat' dir='ltr'><strong>sqq.;</strong></span> <span class='ocrx_word' id='word_1_275' title='bbox 1074 4700 1146 4782; x_wconf 83' lang='grc'><strong>142,</strong></span> <span class='ocrx_word' id='word_1_276' title='bbox 1165 4699 1351 4778; x_wconf 77' lang='lat'>142—1523</span> <span class='ocrx_word' id='word_1_277' title='bbox 1375 4698 1450 4779; x_wconf 89' lang='grc'><strong>220,</strong></span> <span class='ocrx_word' id='word_1_278' title='bbox 1471 4697 1579 4761; x_wconf 90' lang='lat'>112-</span> 
     </span>
     <span class='ocr_line' id='line_1_40' title="bbox 443 4800 1579 4887; baseline 0.003 -26"><span class='ocrx_word' id='word_1_279' title='bbox 443 4800 516 4883; x_wconf 85' lang='grc'><strong>124,</strong></span> <span class='ocrx_word' id='word_1_280' title='bbox 540 4801 734 4867; x_wconf 88' lang='lat' dir='ltr'><strong>inversionis</strong></span> <span class='ocrx_word' id='word_1_281' title='bbox 758 4804 843 4867; x_wconf 82' lang='lat' dir='ltr'><strong>soliti</strong></span> <span class='ocrx_word' id='word_1_282' title='bbox 866 4804 1107 4869; x_wconf 87' lang='lat' dir='ltr'><strong>enuntiatorum</strong></span> <span class='ocrx_word' id='word_1_283' title='bbox 1128 4803 1265 4868; x_wconf 84' lang='lat' dir='ltr'><strong>ordinis:</strong></span> <span class='ocrx_word' id='word_1_284' title='bbox 1288 4804 1314 4886; x_wconf 96' lang='grc' dir='ltr'><strong>Ι,</strong></span> <span class='ocrx_word' id='word_1_285' title='bbox 1333 4804 1404 4881; x_wconf 77' lang='lat'><strong>172,</strong></span> <span class='ocrx_word' id='word_1_286' title='bbox 1421 4801 1486 4865; x_wconf 83' lang='grc'><strong>324</strong></span> <span class='ocrx_word' id='word_1_287' title='bbox 1504 4823 1579 4887; x_wconf 69' lang='lat' dir='ltr'><strong>sqq,</strong></span> 
     </span>
    </p>

    <p class='ocr_par' dir='ltr' id='par_1_5' title="bbox 1436 4925 1475 4973">
     <span class='ocr_line' id='line_1_41' title="bbox 1436 4925 1475 4973; baseline 0 0"><span class='ocrx_word' id='word_1_288' title='bbox 1436 4925 1475 4973; x_wconf 66' lang='lat' dir='ltr'><strong>V·</strong></span> 
     </span>
    </p>
   </div>
   <div class='ocr_carea' id='block_1_4' title="bbox 0 0 2064 5767">
    <p class='ocr_par' dir='ltr' id='par_1_6' title="bbox 0 0 2064 5767">
     <span class='ocr_line' id='line_1_42' title="bbox 0 0 2064 5767; baseline 0 0"><span class='ocrx_word' id='word_1_289' title='bbox 0 0 2064 5767; x_wconf 95' lang='lat' dir='ltr'><strong> </strong></span> 
     </span>
    </p>
   </div>
  </div>
 </body>
</html>
