4109 5767
616 770 661 846 dl
813 809 818 819 ·
980 805 984 812 ·
1095 786 1173 831 rerer
1193 785 1281 832 toran

724 986 899 1075 Quondam
922 1017 1003 1063 aero
1025 1003 1058 1061 et
1080 995 1189 1085 perois
1212 992 1253 1061 ab
1277 993 1348 1061 avie
1371 991 1500 1059 desoeea
1522 991 1643 1059 talenta

722 1102 823 1171 Oeelo
843 1102 1069 1191 ostenduntur,
1091 1102 1241 1171 tenebrae
1265 1113 1457 1192 noctemque
1479 1101 1674 1191 relinquunt.

723 1209 847 1278 Omnee
869 1212 1018 1278 eertetim
1041 1234 1156 1301 gezem
1179 1233 1292 1279 eruere
1314 1232 1418 1300 aeque
1440 1217 1601 1297 repostam

723 1319 875 1408 Aepieiae
897 1329 988 1387 tento
1010 1332 1042 1387 et
1064 1319 1166 1388 laetae
1188 1319 1332 1410 gaudere
1354 1317 1544 1413 hymenaeo.

642 1451 692 1496 eo.
725 1428 780 1495 Ad
803 1428 903 1495 feetoe
926 1430 1122 1519 requieque
1145 1428 1215 1497 diee
1238 1428 1340 1496 multo
1362 1438 1497 1518 apparat
1519 1437 1614 1513 ostro,

722 1535 828 1602 Multo
850 1558 939 1623 auro,
961 1536 1065 1602 multo
1087 1547 1222 1625 argento
1244 1545 1276 1603 et
1299 1534 1500 1625 fulgentibus
1525 1533 1632 1600 armia

723 1642 797 1709 Iam
818 1643 934 1709 Martie
956 1643 1133 1710 eimuleere
1154 1644 1227 1730 viri,
1249 1644 1316 1709 iam
1338 1642 1476 1731 polohre
1497 1642 1650 1708 inventus

723 1750 827 1815 Arma
848 1760 942 1837 parat
965 1751 1054 1816 eireo
1076 1760 1108 1815 et
1131 1771 1247 1817 eureus
1270 1749 1445 1815 meditatur
1467 1768 1633 1837 equorum,

723 1856 909 1923 Oeeeariem
931 1878 1090 1945 prensens
1112 1856 1207 1945 galee
1229 1856 1399 1945 orietieque
1422 1854 1548 1921 deeorie

643 1984 692 2028 ee.
726 1962 920 2029 Aurieomoe
942 1973 1059 2052 eptana
1083 1985 1181 2029 eonon
1203 1962 1383 2050 tollensque
1405 1960 1465 2027 eub
1489 1982 1594 2026 aurea

814 2067 884 2135 Neo
907 2090 965 2134 rex
987 2069 1112 2134 interea
1135 2069 1253 2155 segnia,
1276 2069 1329 2133 eui
1352 2076 1483 2155 peotora
1505 2066 1590 2154 grati

725 2174 800 2240 Urit
824 2196 915 2240 amor
936 2158 1073 2240 thalami
1096 2184 1349 2262 exepeoteteque
1370 2173 1491 2261 gaudia
1514 2171 1637 2257 taedae,

723 2281 834 2347 Mente
856 2280 984 2367 agitans
1006 2290 1083 2367 tota,
1105 2279 1276 2369 pulchram
1299 2279 1417 2369 quibus
1440 2280 1579 2344 inemuat
1602 2276 1718 2363 aulem,

725 2387 816 2468 Quoe
837 2385 933 2453 lodoa
955 2410 1039 2477 quae
1060 2388 1144 2453 foeta
1166 2388 1235 2453 auia
1257 2386 1380 2475 totique
1401 2385 1498 2452 trioni

642 2517 691 2563 eo.
725 2493 855 2562 Indieet
878 2517 1031 2585 epouaam
1055 2506 1184 2586 propter
1206 2506 1419 2585 senatumque
1440 2492 1668 2585 hymenaeum.

722 2603 969 2694 'llroeauroeque
992 2605 1094 2695 aperit
1117 2604 1200 2673 ditae
1222 2604 1384 2694 longaque
1406 2614 1553 2694 peratum

726 2710 851 2781 Gazam
875 2723 989 2803 aetate,
1011 2724 1114 2802 tuum,
1135 2713 1251 2803 Spitko
1273 2712 1422 2801 Iordane,
1445 2711 1588 2779 laborem

727 2824 778 2911 Et,
801 2825 977 2913 Lntomire,
999 2834 1103 2912 tuum,
1126 2824 1202 2892 fidei
1225 2846 1276 2893 reu
1300 2824 1424 2893 eredita
1447 2845 1583 2913 qnorum
1606 2829 1655 2888 eet

725 2932 872 3000 Muneris
894 2944 927 3000 et
948 2935 1032 3000 tanti
1054 2932 1167 3000 melea:
1191 2934 1240 3001 uio
1263 2944 1359 3000 notua
1382 2943 1517 3021 uterque

645 3060 693 3104 ee.
727 3038 865 3127 ingenio
887 3039 1000 3107 eollera
1022 3050 1055 3107 et
1077 3039 1175 3106 rebue
1197 3038 1312 3107 dexter
1334 3038 1470 3127 egendia
1481 3042 1501 3103 ¹.

816 3145 881 3212 Sed
904 3147 1010 3211 malua
1032 3146 1095 3211 heu
1120 3167 1216 3211 enrae
1238 3144 1298 3211 hee
1321 3145 1405 3210 inter
1428 3142 1559 3210 morbue
1581 3142 1714 3208 adortm

726 3252 914 3338 Angustum
937 3251 1103 3340 febrisque
1124 3251 1200 3338 gelu
1225 3252 1401 3317 eommixta
1423 3251 1542 3338 rigenti

727 3357 829 3423 Artue
852 3379 951 3425 nuere
973 3358 1084 3447 ooquit
1107 3380 1216 3423 eaoroe
1238 3356 1492 3447 praecordiaque
1515 3356 1588 3422 urit.

725 3463 780 3530 Nil
805 3465 949 3532 medieas
972 3465 1127 3533 adhibere
1150 3488 1275 3553 manna,
1298 3465 1345 3531 nil
1368 3465 1544 3555 pharmaca
1566 3462 1709 3554 pmdeat;

625 3594 692 3639 roo.
727 3573 876 3662 Languet
899 3586 931 3641 et
953 3575 1079 3663 ingenti
1103 3574 1207 3641 morbi
1230 3598 1284 3642 rer
1309 3583 1434 3641 aestuat
1457 3574 1535 3662 igni.

727 3681 801 3747 Non
825 3682 938 3771 epulae
960 3706 1077 3772 eapere
1100 3694 1156 3750 aut
1179 3684 1361 3773 apooioaum
1382 3681 1513 3749 haurire
1535 3679 1706 3766 falernum,

727 3788 802 3854 Non
825 3801 941 3856 eantue
964 3790 1079 3857 audire
1102 3792 1201 3877 iuvat,
1224 3814 1288 3857 nou
1312 3790 1422 3857 duleia
1444 3789 1576 3878 pleetre

727 3896 896 3963 Inaomnae
920 3898 1011 3964 dnoit
1034 3909 1146 3965 noctes
1171 3898 1342 3985 lucemque
1364 3898 1482 3985 quietis

728 4004 913 4093 Expertem.
944 4006 987 4071 Et
1010 4006 1123 4072 morbo
1145 4006 1213 4092 regi
1238 4028 1333 4092 mage
1356 4005 1454 4071 noxia
1477 4025 1566 4090 eura,

627 4130 694 4175 roe.
728 4108 842 4197 Saeva,
864 4111 988 4177 malum
1011 4112 1166 4202 duplioat,
1189 4114 1282 4179 toties
1306 4134 1381 4178 eum
1405 4112 1493 4178 dieta
1515 4110 1697 4201 hymenaeo

729 4218 771 4283 Et
794 4218 914 4285 diffusa
937 4220 1007 4286 diae
1031 4243 1128 4308 aegro
1151 4221 1321 4307 eueeurrit,
1344 4230 1376 4286 et
1398 4219 1508 4287 bearet

728 4324 812 4390 Fixa
834 4327 951 4414 animo,
975 4350 1138 4415 eurauque
1160 4327 1250 4396 videt
1272 4349 1444 4417 properare
1467 4327 1565 4394 eitato

727 4431 870 4523 Tempus
892 4446 923 4501 et
944 4436 1069 4503 interea
1091 4436 1200 4502 dirum
1222 4434 1311 4501 haud
1334 4436 1503 4502 mitescere
1525 4433 1682 4500 morbum.

819 4540 1028 4611 Sauromatae
1051 4544 1182 4612 tandem
1206 4543 1297 4611 euolo
1319 4545 1490 4611 miseratus
1512 4542 1553 4609 ab
1577 4541 1642 4609 alto

733 4794 742 4826 ¹
761 4796 862 4865 spyuk
880 4796 913 4851 de
931 4798 1076 4866 taurum
1095 4800 1192 4853 lordeo
1215 4806 1274 4852 arat
1299 4808 1355 4852 tum
1377 4797 1559 4853 thurando·
1578 4796 1662 4867 regul,
1686 4796 1778 4849 buto-

622 4882 717 4936 nrirekl
736 4884 919 4941 thereorerler
937 4890 1029 4941 euriae
1048 4890 1147 4960 teglae.
