4109 5767
643 716 731 769 1«le
1135 732 1290 767 resumta.

634 926 690 1013 qui
715 935 787 1013 post
809 936 923 989 renata
945 925 1148 1011 antiquitatis
1163 923 1273 989 stadia
1289 924 1459 1011 scripsere,
1483 929 1632 992 carmina
1646 950 1777 1016 prorsus

637 1044 780 1111 careant,
810 1052 1008 1117 quamquam
1040 1031 1227 1095 accuratius
1258 1033 1418 1096 scrutanti
1441 1033 1713 1098 concendeudum
1733 1047 1779 1100 est

636 1136 798 1227 Royzium
830 1135 892 1200 bac
923 1148 1015 1223 parte
1046 1136 1191 1221 saepias,
1229 1158 1327 1221 quam
1358 1134 1524 1202 Catullum
1548 1138 1779 1227 Martialcnrve,

636 1266 783 1334 peceare.

745 1354 782 1419 lu
808 1352 989 1420 elocutione
1013 1352 1155 1442 Royaias
1183 1353 1350 1419 rarissime
1380 1352 1534 1421 traditam
1567 1355 1609 1421 ab
1641 1358 1778 1445 antiquis

637 1462 782 1528 descruit
806 1462 974 1526 rationem.
1009 1462 1085 1542 Qua
1107 1460 1141 1523 in
1165 1462 1335 1547 provincia
1358 1472 1447 1526 sant:
1478 1462 1680 1528 adiectivum
1705 1487 1780 1549 ,an-

638 1569 792 1636 sanctus“
817 1568 1079 1653 (sanctissimas),
1109 1569 1252 1655 antiquis
1282 1568 1429 1654 ignotum
1460 1569 1505 1654 (Ι,
1530 1571 1581 1655 13,
1605 1572 1685 1654 301,
1710 1573 1780 1653 108,

637 1678 713 1761 264,
736 1675 792 1741 abi
809 1698 861 1741 me
881 1677 1079 1761 ,ἰιιῐιιιιιιιιιιιι
1098 1698 1140 1740 ox
1156 1675 1344 1740 coniectura
1359 1676 1500 1741 edidisse
1515 1698 1606 1741 nunc
1620 1680 1781 1765 paenitet),

637 1785 774 1852 verbum
802 1782 957 1871 „vilerc“‚
981 1805 1039 1871 pro
1061 1806 1125 1870 quo
1148 1784 1282 1870 antiqui,
1304 1785 1399 1871 eique
1422 1784 1484 1871 ipsi
1507 1786 1573 1849 iam
1595 1798 1780 1853 senescente

637 1890 798 1958 latinitate
824 1889 1022 1976 ,vilescere“
1050 1891 1251 1979 usurpabant
1272 1891 1331 1976 (ΙΙ,
1353 1894 1407 1976 17,
1431 1890 1474 1978 ΙΙ,
1497 1894 1541 1977 3),
1566 1894 1704 1959 verbam
1727 1918 1781 1959 ra-

637 2000 747 2067 ctandi
773 2000 865 2066 vcubi
890 1998 1008 2065 edendi
1033 2000 1066 2065 vi
1091 1997 1387 2066 ecclesiasticorum
1407 2001 1603 2088 scriptoram
1621 2024 1711 2067 muare
1725 2002 1781 2068 ud-

640 2109 774 2174 missum
798 2108 837 2193 (Ι,
862 2109 913 2193 13,
938 2110 1024 2193 299),
1051 2107 1255 2192 ,ial'eruum“
1282 2107 1442 2194 singulari
1466 2132 1602 2175 numero
1625 2134 1645 2173 a
1668 2122 1782 2197 quarto

639 2215 769 2281 demam
805 2226 877 2303 post
908 2214 983 2282 chr.
1014 2238 1046 2280 n.
1076 2215 1207 2281 saeculo
1237 2227 1428 2302 usurpatum
1464 2216 1524 2302 (ΙΙ,
1555 2218 1632 2302 373,
1662 2217 1782 2304 ΙιΧΙΙ),

642 2322 761 2409 ,diam
787 2322 901 2387 eadem
926 2323 1056 2387 notione
1079 2334 1175 2409 atque
1198 2322 1328 2387 inferna
1351 2323 1407 2407 (ΙΙ,
1431 2324 1506 2408 373,
1529 2323 1615 2409 LX),
1644 2326 1779 2411 „nenia“

639 2429 758 2517 plurali
781 2430 911 2516 generis
934 2430 1041 2495 neutri
1065 2452 1201 2495 numero
1225 2430 1263 2515 (Ι,
1288 2431 1361 2515 118,
1384 2434 1418 2513 6)
1437 2431 1576 2517 „dorca“
1594 2424 1709 2522 (bipaq)
1725 2456 1783 2520 pro

641 2537 798 2625 „dorcas“
825 2536 880 2616 (ΙΙ.
905 2537 980 2622 386,
1004 2538 1034 2621 6,
1058 2538 1100 2622 a),
1126 2536 1345 2622 „infrcn‹lait“
1380 2536 1421 2601 ad
1453 2539 1621 2626 exemplar
1648 2539 1782 2627 perfecti

643 2644 827 2733 „frenduit“
860 2646 893 2709 in
925 2643 1061 2731 vulgata
1092 2656 1225 2712 sauctae
1254 2646 1436 2732 scripturae
1461 2647 1609 2711 versione
1637 2649 1783 2735 usurpati

640 2754 678 2837 (Ι,
704 2755 776 2837 177,
799 2752 887 2836 460).
921 2751 1069 2837 Accedit,
1092 2751 1178 2839 qaod
1202 2764 1314 2817 contra
1338 2774 1460 2818 rnorem
1483 2756 1679 2841 optimorum
1702 2757 1785 2821 scri·

640 2870 769 2947 pteram
799 2870 1046 2946 temporumque
1080 2858 1221 2923 litteram
1256 2883 1286 2944 v,
1321 2858 1476 2945 perfectis
1503 2859 1661 2947 simplicis
1691 2861 1786 2926 verbi

640 2964 739 3030 eundi
763 2966 937 3052 propriam,
959 2967 1057 3030 etiam
1081 2966 1115 3029 iu
1139 2966 1325 3051 compositis
1348 2966 1394 3029 ita
1409 2968 1564 3051 servavit,
1588 2977 1624 3031 ut
1650 2967 1786 3051 ,adivit

639 3070 766 3139 redivi“
793 3070 913 3136 similia
937 3072 1005 3139 sere
1029 3084 1215 3137 constanter
1231 3072 1396 3138 scriberet.
1420 3072 1518 3153 Quod
1534 3096 1612 3139 vero
1632 3077 1710 3160 „ac“
1726 3096 1786 3161 pro

643 3181 777 3269 ,atque“
804 3180 974 3248 vocalibus
997 3180 1201 3268 sequentium
1218 3180 1393 3247 verboram
1411 3182 1638 3268 praemittebat
1653 3183 1692 3267 (Ι,
1710 3184 1786 3268 109,

640 3289 718 3372 2923
745 3289 818 3373 185,
835 3289 913 3372 6683
935 3289 1007 3374 198,
1024 3290 1088 3374 32),
1105 3289 1212 3352 minas
1227 3300 1276 3353 est
1292 3287 1474 3375 culpandus
1491 3289 1635 3354 nondum
1652 3291 1787 3376 cognita

639 3396 725 3485 lege,
756 3420 853 3485 quum
885 3399 1009 3485 primas
1040 3397 1230 3462 observavit
1252 3396 1387 3463 Gabriel
1412 3396 1558 3463 llacrnus
1585 3422 1613 3463 a.
1639 3400 1725 3463 1668
1751 3400 1787 3463 in

640 3518 716 3571 nota
739 3506 877 3572 orationi
901 3504 1070 3575 Ciceronis
1093 3529 1150 3593 pro
1173 3504 1295 3571 Flacco
1318 3505 1493 3595 adscripta.

747 3614 912 3699 Ceteram,
943 3616 968 3681 si
994 3638 1156 3681 summam
1179 3637 1288 3680 rerum
1312 3626 1453 3703 spectus,
1484 3616 1627 3705 Royaias
1650 3614 1789 3702 linguae

640 3725 760 3791 latinae
776 3724 916 3790 indolem
934 3747 973 3793 ac
989 3736 1140 3791 naturam
1156 3724 1342 3790 accuratius
1359 3726 1522 3810 cognitam
1540 3724 1661 3810 habuit,
1684 3748 1788 3811 qaam

639 3835 673 3898 in
698 3833 836 3921 singulis
859 3832 1004 3899 haerenti
1030 3834 1136 3899 videri
1159 3843 1276 3920 potest3
1301 3830 1397 3897 callet
1421 3831 1476 3897 ille
1499 3833 1630 3919 quidem
1651 3855 1788 3898 norruas

641 3944 799 4007 sermonis
823 3940 994 4027 elegantis,
1026 3951 1173 4029 penetrat
1203 3952 1311 4005 turueu
1335 3941 1432 4005 etiam
1457 3940 1499 4005 ad
1524 3940 1651 4029 priscae
1680 3952 1714 4005 ct
1743 3940 1788 4005 ad

641 4050 835 4138 posterioris,
859 4049 1051 4138 praesertim
1067 4049 1147 4113 iuris
1164 4050 1340 4135 peritorum
1356 4047 1547 4112 elocutionis
1563 4048 1790 4135 proprietates,

639 4158 849 4246 imitaturque
873 4156 1011 4244 cingula,
1036 4156 1141 4222 sicubi
1166 4156 1385 4220 necessarium
1410 4153 1659 4219 commodumve
1683 4153 1790 4220 ducit.

639 4265 736 4331 Ocrte
758 4286 800 4331 cx
824 4266 1051 4350 negativarum
1076 4261 1311 4350 particularum
1335 4283 1396 4325 usu
1421 4260 1483 4326 lroc
1498 4260 1627 4325 clacere
1644 4260 1790 4326 videtur.

639 4371 724 4436 Nam
748 4392 824 4436 cunr
848 4371 956 4458 prisca
978 4380 1084 4435 aetate
1107 4368 1245 4433 Romani
1267 4366 1386 4454 abique
1413 4389 1482 4453 „ne,
1505 4368 1585 4432 nec“
1612 4364 1790 4454 particulis

640 4478 819 4565 negabant,
850 4499 989 4566 quarum
1011 4488 1121 4564 partes
1144 4475 1365 4540 enuntiativae
1389 4475 1423 4539 iu
1446 4473 1561 4561 lingua
1583 4472 1789 4561 elegantiore

640 4586 853 4653 classicorum
879 4586 983 4672 „non“
1009 4588 1063 4665 (ex
1090 4605 1150 4670 „nc
1172 4584 1300 4647 oiumn“
1326 4585 1446 4662 ortmn)
1468 4583 1652 4669 occupavit,
1685 4581 1794 4669 parti·

641 4693 723 4761 culis
750 4695 828 4779 „ac“
855 4692 897 4758 ιιιΙ
922 4691 1145 4781 prohibitivas,
1172 4692 1271 4776 ,nec“
1298 4690 1338 4755 ad
1356 4691 1538 4776 negationis
1555 4690 1792 4754 coniunctione

642 4806 713 4889 „etl
739 4813 855 4869 auctae
879 4813 986 4890 partes
1011 4802 1185 4885 restrictis,
1216 4799 1359 4888 [mysius
1382 4798 1552 4887 aliquoties
1576 4798 1617 4863 ad
1642 4797 1792 4885 priscam
