4109 5767
675 778 790 831 XLVIII
1170 798 1324 836 raaararro.

1511 869 1804 879 -.---..—.-..-

672 986 865 1074 probantum
889 988 1009 1053 etenim
1032 990 1132 1054 etiam
1155 987 1242 1077 apud
1262 988 1336 1055 illos
1351 1012 1489 1077 regnare
1504 991 1701 1078 ebrietatem,
1724 1013 1811 1081 prae-

673 1104 763 1159 terea
786 1092 905 1161 Vilnae
927 1095 1039 1161 furum
1062 1096 1257 1163 immensum
1281 1120 1352 1165 esse
1367 1120 1550 1185 numerum,
1572 1098 1710 1187 denique
1724 1098 1814 1166 dolos-

674 1200 787 1284 mulos‚
810 1201 943 1271 fraudes
966 1202 1118 1293 furtaque
1141 1205 1336 1295 pervulgata
1351 1228 1423 1273 esse
1445 1205 1532 1296 apud
1552 1206 1691 1273 rusticos
1706 1206 1811 1273 Litua-

675 1310 750 1377 niae
773 1310 1034 1402 Samogitiaeque
1056 1312 1113 1401 ΠΙ,
1137 1315 1202 1381 269
1225 1319 1294 1402 sq),
1325 1316 1460 1404 eiusque
1485 1316 1532 1381 rei
1557 1337 1690 1381 caumm
1714 1317 1813 1405 suspi-

675 1428 769 1485 catur
791 1442 863 1487 esse
886 1422 1088 1489 vicinitatem
1120 1434 1370 1512 contactumque
1400 1425 1670 1511 Moscovitarum,
1700 1426 1811 1513 quibus

675 1525 757 1593 baec
779 1528 862 1596 vitia
884 1540 1012 1617 praeter
1036 1529 1170 1596 modurn
1193 1532 1259 1597 sint
1276 1530 1452 1597 familiaria
1467 1532 1589 1616 (Dacis.
1605 1531 1651 1597 lit
1667 1531 1728 1610 Ill,
1750 1533 1811 1598 538

674 1638 779 1713 extu).
802 1633 880 1721 Ipsa
902 1636 1021 1701 itinera
1043 1638 1078 1701 in
1101 1637 1256 1702 Litnania
1279 1638 1389 1704 facere
1404 1638 1581 1703 admodum
1596 1660 1667 1703 esse
1683 1637 1812 1703 difficile

674 1752 707 1804 et
730 1738 911 1829 molestum,
933 1764 999 1808 nou
1022 1766 1094 1809 ease
1117 1744 1215 1830 enim,
1240 1742 1326 1809 unde
1348 1744 1459 1810 cibum
1475 1755 1651 1832 potumque
1667 1742 1814 1809 idoneum

675 1868 774 1933 emas,
797 1847 981 1918 deversoria
1004 1861 1113 1917 autem
1137 1861 1234 1939 atque
1256 1850 1397 1940 hospitia
1419 1874 1533 1918 carere
1548 1853 1637 1917 omni
1654 1850 1743 1917 cultu
1757 1850 1816 1916 hu-

675 1975 772 2020 mano
794 1955 833 2043 (1,
855 1957 922 2022 240
945 1961 1038 2046 sqq.);
1061 1956 1143 2026 baec
1164 1960 1236 2047 ipsa
1259 1969 1368 2025 tamen
1392 1958 1516 2026 leviora
1539 1980 1611 2025 ease
1633 1981 1711 2047 prae
1730 1958 1821 2023 diffi-

675 2060 853 2129 cultatibus
883 2065 1010 2131 itineris
1040 2088 1098 2153 per
1123 2065 1333 2132 Moschorum
1362 2066 1444 2133 fines
1475 2063 1685 2154 inhospitales
1715 2068 1817 2131 susci-

675 2167 800 2256 piendi,
829 2192 911 2257 quas
934 2172 1014 2236 atris
1038 2170 1202 2238 coloribus
1224 2170 1373 2261 depingit
1395 2173 1549 2256 Oanobic,
1580 2195 1683 2261 papae
1712 2172 1817 2259 legato

675 2272 719 2339 ad
741 2273 921 2341 Ruasorum
944 2278 1174 2366 imperatorem
1198 2278 1343 2345 tendenti
1367 2279 1405 2366 (1,
1428 2280 1494 2345 209
1518 2283 1607 2367 sqq).

782 2380 927 2473 Roynius
950 2406 1025 2450 cum
1050 2385 1160 2472 legum
1183 2386 1327 2472 iurisque
1342 2397 1427 2451 esset
1442 2386 1659 2474 peritissimus
1674 2384 1824 2471 ingenio-

675 2509 738 2575 que
761 2490 920 2557 acerrimo
942 2489 1190 2558 humanioribus
1212 2492 1338 2558 artibus
1360 2491 1490 2560 exculto
1505 2491 1690 2577 excelleret,
1713 2492 1820 2580 potius

675 2594 858 2685 disputator
880 2610 1049 2688 promptus
1072 2612 1259 2689 cautusque,
1289 2622 1387 2690 quam
1410 2612 1519 2666 orator
1541 2599 1696 2689 eloquens
1719 2598 1820 2665 irrisae

676 2701 815 2791 videtur,
838 2705 991 2794 ipsaeque
1013 2708 1085 2773 eius
1107 2718 1215 2797 partes
1238 2708 1272 2773 in
1297 2707 1488 2775 dantiscano
1512 2718 1600 2775 motu
1622 2706 1766 2774 sedando
1781 2729 1819 2771 eo

676 2809 814 2900 ducunt,
846 2825 881 2881 ut
911 2837 984 2881 eum
1016 2815 1176 2883 tradendo
1206 2816 1269 2882 iuri
1298 2817 1470 2905 causisque
1493 2814 1692 2901 iudicandis,
1722 2836 1821 2902 quam

674 2916 892 3006 legationibus
907 2923 1067 2991 obeundis
1079 2923 1240 3013 rebusque
1257 2923 1397 3012 publicis
1412 2923 1646 3013 componendis
1661 2924 1821 3011 aptiorem

675 3025 777 3094 fuisse
800 3032 1012 3118 suspicamur.
1050 3032 1194 3099 Vividua
1224 3033 1312 3098 euim
1342 3034 1473 3098 animus
1503 3033 1575 3098 eius
1604 3029 1702 3097 facile
1725 3030 1822 3115 ultra,

675 3155 773 3221 quam
808 3160 868 3225 par
898 3150 983 3225 erat,
1018 3139 1268 3225 effervescebat,
1303 3140 1498 3226 canebatque
1529 3162 1604 3205 curn
1638 3137 1825 3205 necessaria

676 3244 839 3328 aequitate
861 3256 958 3332 atque
980 3245 1224 3334 tranquillitate,
1255 3258 1324 3311 tum
1354 3248 1453 3311 etiam
1481 3247 1703 3311 taciturnitate
1726 3256 1824 3331 atque

676 3347 862 3433 calliditate
885 3351 1004 3437 quibus
1026 3354 1099 3417 viro
1122 3374 1200 3419 vere
1216 3351 1307 3418 civili
1323 3374 1404 3439 opus
1419 3364 1477 3417 est.
1502 3352 1594 3417 Haec
1609 3362 1719 3416 tamen
1736 3352 1824 3416 vitae

677 3455 826 3542 publicae
849 3458 1039 3546 aulicaeque
1062 3458 1294 3548 impedimenta
1324 3459 1536 3527 inconvicto
1561 3459 1689 3548 privato
1717 3458 1824 3524 cario-

676 3586 744 3629 rcm
775 3563 844 3632 iare
875 3589 948 3632 eum
979 3566 1175 3653 reddebant,
1205 3566 1414 3655 moribusque
1437 3568 1584 3655 integris,
1616 3566 1771 3632 comitate
1793 3574 1824 3631 et

675 3669 878 3739 humanitate
901 3695 966 3739 non
990 3674 1111 3760 fucata,
1134 3674 1292 3741 facilitate
1315 3687 1411 3761 atque
1433 3674 1629 3762 loquacitate
1653 3670 1753 3738 facile
1768 3694 1824 3737 aa·

676 3777 879 3866 sequebatur,
910 3790 946 3846 ut
973 3782 1015 3847 ab
1039 3781 1265 3848 honestissimo
1292 3804 1419 3869 quoque
1441 3780 1643 3867 diligeretur,
1674 3779 1715 3845 ab
1749 3800 1823 3845 eru-

678 3884 821 3951 ‹lissimis
837 3909 914 3953 vero
933 3888 1018 3955 inter
1034 3888 1240 3954 doctissimos
1256 3900 1491 3955 numeraretur.
1514 3888 1628 3976 Neque
1643 3909 1723 3954 vero
1740 3884 1823 3951 mul·

677 4002 784 4059 torum
808 3995 874 4061 iras
897 4007 954 4062 aut
969 3998 1045 4064 odia
1061 3999 1094 4063 in
1110 4021 1185 4064 eum
1201 3997 1234 4063 id
1251 3998 1418 4083 excitavit,
1441 3996 1526 4085 quod
1543 3996 1633 4063 vitiis
1645 3995 1823 4084 pravisque

678 4103 801 4169 civium
825 4106 971 4173 moribus
996 4108 1133 4173 minima
1163 4108 1324 4196 pepercit,
1354 4106 1575 4194 agnoscebant
1605 4105 1691 4172 enim
1725 4102 1823 4189 vulg<

677 4209 825 4278 homiues
848 4212 1023 4302 prudentes
1047 4217 1138 4281 nasci
1170 4214 1205 4280 id
1233 4238 1275 4281 cx
1298 4237 1377 4281 vero
1400 4214 1555 4279 Poloniae
1577 4235 1696 4297 amore,
1727 4234 1823 4299 quam

678 4317 813 4385 alteram
844 4321 984 4409 patriam
1014 4323 1159 4413 Royaius
1190 4321 1351 4410 singulari
1385 4321 1493 4387 studio
1528 4331 1613 4387 esset
1643 4318 1822 4407 amplexus

679 4448 783 4515 neque
806 4428 911 4494 solum
935 4431 981 4517 ei,
1011 4432 1068 4519 qui
1092 4430 1222 4498 iudiciis
1246 4432 1316 4497 eius
1339 4430 1607 4514 assentiebantur,
1638 4426 1694 4493 sed
1728 4427 1823 4491 etian·

679 4535 734 4620 qui
757 4535 899 4624 quadarn
922 4560 964 4603 ax
987 4549 1079 4627 parte
1101 4539 1142 4605 ab
1166 4560 1205 4604 eo
1227 4537 1470 4603 dissentiebant.
1494 4537 1610 4624 Itaque
1632 4545 1664 4601 et
1678 4555 1741 4599 rex
1759 4534 1823 4620 ipsa

681 4642 714 4706 in
738 4641 868 4709 decreto
892 4667 950 4710 suo
973 4668 1167 4734 propensam
1190 4667 1269 4733 erga
1284 4668 1319 4711 se
1335 4666 1474 4733 suosque
1490 4642 1605 4733 Royaii
1622 4639 1823 4708 voluntateri

680 4751 829 4835 agnoscit
852 4750 958 4833 (ossol.
982 4776 1040 4818 ms.
1065 4754 1138 4838 180,
1165 4754 1249 4839 106),
1271 4762 1304 4818 et
1327 4752 1476 4817 Andreas
1499 4750 1674 4833 Tricosiua,
1698 4769 1780 4813 curu
1799 4748 1823 4811 ir

681 4858 828 4945 ignotum
841 4857 1108 4925 calumniatorem
1123 4859 1164 4925 ob
1181 4860 1304 4925 editum
1320 4881 1435 4947 parcum
1450 4855 1686 4923 Cluiliasticlrou
1703 4855 1822 4943 lloyab
