4109 5767
547 352 616 424 316

1380 462 1698 475 -.-..-.-..-.-.-.

656 565 751 632 Fixis
773 578 1011 659 atarsqnoant,
1035 571 1155 639 cadant
1178 573 1297 660 refixis,

656 673 701 739 Et
722 675 879 767 quioquid
902 678 993 746 videt
1015 701 1079 747 axe
1101 679 1149 747 sol
1172 680 1280 769 citato,

657 781 846 868 Surgsnsve
868 806 990 852 oceano
1014 786 1144 854 diemvo
1166 808 1303 854 cernens

659 888 814 957 Invcctns
836 892 991 983 medinm,
1013 903 1072 961 ant
1094 896 1204 983 rigens
1227 895 1341 961 trionis

576 1015 627 1061 so.
656 998 701 1065 Et
724 998 868 1067 candens
891 1002 977 1091 nive,
999 1002 1087 1093 qnod
1110 1002 1168 1069 dat
1190 1014 1304 1089 arctos,
1328 1025 1455 1090 arvum,

660 1106 770 1171 Instar
793 1111 965 1176 marmoris
986 1122 1020 1178 st
1041 1109 1118 1199 gelu
1141 1110 1259 1198 ligatos

660 1215 793 1301 Amnes,
815 1216 906 1283 invia
928 1240 990 1285 nec
1012 1217 1135 1284 fluenta
1157 1216 1320 1306 planstris,

661 1319 724 1388 Vsl
747 1343 881 1390 currum
903 1323 1004 1391 fluvio
1026 1324 1144 1392 lavans
1167 1323 1271 1391 Ibero.

714 1429 836 1497 Munus
858 1432 888 1499 si
910 1432 970 1498 tibi
993 1431 1218 1527 qualecunque
1241 1443 1387 1503 nostrum

580 1554 632 1603 aa.
662 1540 844 1627 Acceptum
868 1539 975 1629 fuerit,
997 1540 1119 1633 putabo
1142 1562 1252 1609 musas

661 1644 798 1713 Nostros
820 1669 892 1716 esse
914 1648 1039 1739 aliquid
1062 1670 1125 1715 nec
1147 1647 1327 1735 indecoras,

663 1754 756 1837 Quae
778 1766 820 1843 te,
842 1756 979 1823 romulei
1003 1756 1105 1824 docus
1127 1766 1269 1843 senatus,

662 1861 898 1953 Delectentqno
920 1865 1106 1953 issentque
1130 1862 1332 1931 Consecutus

662 1969 756 2037 Istud
780 1972 808 2037 si
832 1972 925 2039 fuero
948 1983 1004 2039 too
1027 1972 1148 2057 favore,

581 2096 632 2142 co.
663 2075 763 2143 Hand
786 2099 838 2145 me
860 2077 982 2170 lydius,
1003 2076 1094 2145 haud
1117 2078 1185 2143 sois
1208 2077 1316 2147 uenis

663 2184 816 2252 Pactolus
839 2184 920 2273 beet,
943 2184 1032 2251 haotl
1056 2206 1133 2251 snas
1157 2183 1332 2275 Hydaspes

662 2291 787 2359 Flavus
811 2292 929 2359 fundat
950 2314 1027 2381 opes
1050 2290 1204 2380 Tagusve
1227 2288 1329 2377 dives,

664 2398 730 2479 Qui
752 2398 951 2466 tartessiacis
973 2398 1078 2464 fluens
1101 2397 1143 2463 ab
1166 2397 1232 2463 oris

664 2503 742 2571 sess
764 2504 956 2592 praecipitat
977 2504 1122 2591 petitque
1144 2514 1280 2591 pontum

582 2615 641 2673 ao!
661 2608 769 2673 Undis
792 2607 1044 2674 versicoloribus
1067 2607 1245 2695 refulgens,
1268 2646 1311 2657 -·

664 2713 803 2780 Flumen
826 2736 892 2780 non
915 2714 1110 2802 Arimaspus
1133 2735 1215 2779 arva
1237 2712 1365 2780 findens

666 2821 839 2887 Horrentis
861 2819 1017 2911 Scythiae
1040 2818 1115 2886 laco
1139 2820 1242 2888 beato.

666 2930 758 2998 Haec
781 2940 1004 3019 contempsero
1025 2952 1106 3020 prae
1128 2940 1184 2996 tuo
1208 2928 1329 3017 favore,

664 3038 882 3129 Fsrdinonde,
905 3039 1007 3107 ‹locns
1030 3039 1116 3107 sccri
1139 3048 1281 3128 senatus,

583 3171 631 3216 to.
662 3149 764 3217 (luins
788 3148 916 3238 legibus
939 3150 1045 3216 omnis
1068 3148 1147 3216 urbs
1170 3157 1202 3216 et
1226 3149 1314 3216 orbis

666 3258 760 3324 Fixis
784 3268 870 3324 stare
893 3268 1025 3347 queunt,
1048 3258 1169 3323 cadant
1191 3257 1310 3324 refixis

1101 3498 1156 3564 IV

811 3636 1179 3709 FERDINANDO
1211 3638 1451 3708 O‘AESARI

984 3769 1283 3833 Eptnat’fflat

1121 3907 1142 3957 Ι.

668 4010 906 4098 l'ordinandus,
929 4032 967 4077 oc
989 4012 1115 4099 primus
1138 4009 1335 4077 denomino
1358 4032 1480 4097 caesar,

722 4119 831 4202 Quam
854 4130 939 4187 stata
961 4119 1090 4208 relligio
1112 4130 1169 4205 cst,
1193 4118 1298 4185 noluit
1320 4130 1395 4189 ontc
1418 4121 1510 4186 moni.

671 4374 678 4405 ¹
698 4375 756 4427 On.
776 4372 863 4428 241-
879 4392 952 4429 corn.
971 4373 1033 4429 326.
1053 4372 1239 4427 l'srdinondns
1259 4375 1270 4427 1
1289 4374 1434 4440 imperator
1447 4373 1514 4426 obiit
1528 4372 1702 4425 Vindobona

560 4464 605 4516 dic
623 4464 658 4518 8⁶
676 4481 711 4517 m.
730 4466 794 4517 lolii
813 4483 838 4518 a.
858 4464 935 4519 loos.
