<?xml version="1.0" encoding="UTF-8"?>
<!DOCTYPE html PUBLIC "-//W3C//DTD XHTML 1.0 Transitional//EN"
    "http://www.w3.org/TR/xhtml1/DTD/xhtml1-transitional.dtd">
<html xmlns="http://www.w3.org/1999/xhtml" xml:lang="en" lang="en">
 <head>
  <title>
</title>
<meta http-equiv="Content-Type" content="text/html;charset=utf-8" />
  <meta name='ocr-system' content='tesseract 3.04.00' />
  <meta name='ocr-capabilities' content='ocr_page ocr_carea ocr_par ocr_line ocrx_word'/>
</head>
<body>
  <div class='ocr_page' id='page_1' title='image "./petriroyziimaur00morogoog_0683.png"; bbox 0 0 4109 5767; ppageno 0'>
   <div class='ocr_carea' id='block_1_1' title="bbox 800 427 1108 465">
    <p class='ocr_par' dir='ltr' id='par_1_1' title="bbox 800 427 1108 465">
     <span class='ocr_line' id='line_1_1' title="bbox 800 427 1108 465; baseline 0 -2"><span class='ocrx_word' id='word_1_1' title='bbox 800 427 838 463; x_wconf 69' lang='lat' dir='ltr'><strong>AB</strong></span> <span class='ocrx_word' id='word_1_2' title='bbox 855 428 969 464; x_wconf 66' lang='lat' dir='ltr'><strong>(mm</strong></span> <span class='ocrx_word' id='word_1_3' title='bbox 987 428 1108 465; x_wconf 64' lang='lat' dir='ltr'>Pomm.</span> 
     </span>
    </p>
   </div>
   <div class='ocr_carea' id='block_1_2' title="bbox 386 506 998 517">
    <p class='ocr_par' dir='ltr' id='par_1_2' title="bbox 386 506 998 517">
     <span class='ocr_line' id='line_1_2' title="bbox 386 506 998 517; baseline 0.002 -1"><span class='ocrx_word' id='word_1_4' title='bbox 386 506 489 517; x_wconf 53' lang='grc'><strong>*-</strong></span> <span class='ocrx_word' id='word_1_5' title='bbox 494 509 554 516; x_wconf 77' lang='lat'><strong>—--</strong></span> <span class='ocrx_word' id='word_1_6' title='bbox 853 508 998 517; x_wconf 68' lang='lat'><strong>-0-000--10</strong></span> 
     </span>
    </p>
   </div>
   <div class='ocr_carea' id='block_1_3' title="bbox 412 616 1566 1664">
    <p class='ocr_par' dir='ltr' id='par_1_3' title="bbox 412 616 1566 1664">
     <span class='ocr_line' id='line_1_3' title="bbox 434 616 1209 706; baseline 0.006 -25"><span class='ocrx_word' id='word_1_7' title='bbox 434 637 461 683; x_wconf 84' lang='lat' dir='ltr'><strong>a.</strong></span> <span class='ocrx_word' id='word_1_8' title='bbox 492 617 537 684; x_wconf 81' lang='lat' dir='ltr'><strong>Bt</strong></span> <span class='ocrx_word' id='word_1_9' title='bbox 557 626 615 683; x_wconf 88' lang='lat' dir='ltr'><strong>tna</strong></span> <span class='ocrx_word' id='word_1_10' title='bbox 637 616 803 705; x_wconf 83' lang='lat' dir='ltr'><strong>dispositis</strong></span> <span class='ocrx_word' id='word_1_11' title='bbox 826 638 999 706; x_wconf 89' lang='lat' dir='ltr'><strong>compones</strong></span> <span class='ocrx_word' id='word_1_12' title='bbox 1021 618 1088 684; x_wconf 90' lang='lat' dir='ltr'><strong>otia</strong></span> <span class='ocrx_word' id='word_1_13' title='bbox 1111 617 1209 705; x_wconf 88' lang='lat' dir='ltr'><strong>curis,</strong></span> 
     </span>
     <span class='ocr_line' id='line_1_4' title="bbox 547 721 1097 808; baseline -0.002 -19"><span class='ocrx_word' id='word_1_14' title='bbox 547 722 643 789; x_wconf 80' lang='lat' dir='ltr'><strong>Felix</strong></span> <span class='ocrx_word' id='word_1_15' title='bbox 665 721 798 808; x_wconf 81' lang='lat' dir='ltr'><strong>divitiis,</strong></span> <span class='ocrx_word' id='word_1_16' title='bbox 822 721 916 788; x_wconf 90' lang='lat' dir='ltr'><strong>dives</strong></span> <span class='ocrx_word' id='word_1_17' title='bbox 935 723 1097 789; x_wconf 88' lang='lat' dir='ltr'><strong>amicitiis.</strong></span> 
     </span>
     <span class='ocr_line' id='line_1_5' title="bbox 492 825 1331 915; baseline -0.001 -21"><span class='ocrx_word' id='word_1_18' title='bbox 492 826 652 914; x_wconf 77' lang='lat' dir='ltr'><strong>Coniugio</strong></span> <span class='ocrx_word' id='word_1_19' title='bbox 676 825 778 912; x_wconf 83' lang='lat' dir='ltr'><strong>(lives,</strong></span> <span class='ocrx_word' id='word_1_20' title='bbox 801 825 900 915; x_wconf 91' lang='lat' dir='ltr'><strong>prole,</strong></span> <span class='ocrx_word' id='word_1_21' title='bbox 923 826 1021 913; x_wconf 85' lang='lat' dir='ltr'><strong>agris,</strong></span> <span class='ocrx_word' id='word_1_22' title='bbox 1044 826 1138 893; x_wconf 86' lang='lat' dir='ltr'><strong>dives</strong></span> <span class='ocrx_word' id='word_1_23' title='bbox 1159 835 1193 893; x_wconf 87' lang='lat' dir='ltr'><strong>et</strong></span> <span class='ocrx_word' id='word_1_24' title='bbox 1215 828 1331 915; x_wconf 80' lang='lat' dir='ltr'><strong>aegris,</strong></span> 
     </span>
     <span class='ocr_line' id='line_1_6' title="bbox 544 931 1369 1022; baseline 0.002 -24"><span class='ocrx_word' id='word_1_25' title='bbox 544 931 631 999; x_wconf 81' lang='lat' dir='ltr'><strong>Aere</strong></span> <span class='ocrx_word' id='word_1_26' title='bbox 645 941 768 1020; x_wconf 89' lang='lat' dir='ltr'><strong>potens,</strong></span> <span class='ocrx_word' id='word_1_27' title='bbox 790 931 919 999; x_wconf 87' lang='lat' dir='ltr'><strong>medica</strong></span> <span class='ocrx_word' id='word_1_28' title='bbox 940 954 1001 999; x_wconf 87' lang='lat' dir='ltr'><strong>nec</strong></span> <span class='ocrx_word' id='word_1_29' title='bbox 1024 932 1133 998; x_wconf 88' lang='lat' dir='ltr'><strong>minus</strong></span> <span class='ocrx_word' id='word_1_30' title='bbox 1156 941 1226 999; x_wconf 84' lang='lat' dir='ltr'><strong>arta</strong></span> <span class='ocrx_word' id='word_1_31' title='bbox 1245 941 1369 1022; x_wconf 89' lang='lat' dir='ltr'><strong>potens.</strong></span> 
     </span>
     <span class='ocr_line' id='line_1_7' title="bbox 493 1036 1307 1127; baseline -0.006 -20"><span class='ocrx_word' id='word_1_32' title='bbox 493 1038 665 1126; x_wconf 80' lang='lat' dir='ltr'><strong>Sta-guanti</strong></span> <span class='ocrx_word' id='word_1_33' title='bbox 687 1045 720 1104; x_wconf 90' lang='lat' dir='ltr'><strong>et</strong></span> <span class='ocrx_word' id='word_1_34' title='bbox 742 1037 836 1104; x_wconf 87' lang='lat' dir='ltr'><strong>diras</strong></span> <span class='ocrx_word' id='word_1_35' title='bbox 858 1036 1004 1104; x_wconf 73' lang='lat' dir='ltr'><strong>sabeufis</strong></span> <span class='ocrx_word' id='word_1_36' title='bbox 1027 1038 1127 1127; x_wconf 88' lang='lat' dir='ltr'><strong>piscis</strong></span> <span class='ocrx_word' id='word_1_37' title='bbox 1150 1038 1186 1103; x_wconf 91' lang='lat' dir='ltr'><strong>in</strong></span> <span class='ocrx_word' id='word_1_38' title='bbox 1208 1037 1307 1126; x_wconf 90' lang='lat' dir='ltr'><strong>unda,</strong></span> 
     </span>
     <span class='ocr_line' id='line_1_8' title="bbox 412 1143 1352 1235; baseline 0.001 -24"><span class='ocrx_word' id='word_1_39' title='bbox 412 1167 460 1211; x_wconf 84' lang='lat' dir='ltr'><strong>ro.</strong></span> <span class='ocrx_word' id='word_1_40' title='bbox 492 1169 495 1174; x_wconf 55' lang='lat'><strong>⁴</strong></span> <span class='ocrx_word' id='word_1_41' title='bbox 550 1146 701 1211; x_wconf 82' lang='lat' dir='ltr'><strong>Varscva</strong></span> <span class='ocrx_word' id='word_1_42' title='bbox 723 1154 756 1211; x_wconf 89' lang='lat' dir='ltr'><strong>et</strong></span> <span class='ocrx_word' id='word_1_43' title='bbox 778 1144 804 1210; x_wconf 95' lang='lat' dir='ltr'><strong>si</strong></span> <span class='ocrx_word' id='word_1_44' title='bbox 829 1143 907 1233; x_wconf 88' lang='lat' dir='ltr'><strong>quid</strong></span> <span class='ocrx_word' id='word_1_45' title='bbox 930 1143 1004 1235; x_wconf 90' lang='lat' dir='ltr'><strong>plus</strong></span> <span class='ocrx_word' id='word_1_46' title='bbox 1027 1143 1106 1213; x_wconf 88' lang='lat' dir='ltr'><strong>dare</strong></span> <span class='ocrx_word' id='word_1_47' title='bbox 1129 1153 1216 1212; x_wconf 84' lang='lat' dir='ltr'><strong>terra</strong></span> <span class='ocrx_word' id='word_1_48' title='bbox 1238 1153 1352 1234; x_wconf 87' lang='lat' dir='ltr'><strong>potest.</strong></span> 
     </span>
     <span class='ocr_line' id='line_1_9' title="bbox 493 1252 1238 1342; baseline 0 -21"><span class='ocrx_word' id='word_1_49' title='bbox 493 1253 561 1321; x_wconf 84' lang='lat' dir='ltr'><strong>Noa</strong></span> <span class='ocrx_word' id='word_1_50' title='bbox 584 1252 746 1321; x_wconf 84' lang='lat' dir='ltr'><strong>desiderio</strong></span> <span class='ocrx_word' id='word_1_51' title='bbox 768 1252 913 1320; x_wconf 86' lang='lat' dir='ltr'><strong>absentis</strong></span> <span class='ocrx_word' id='word_1_52' title='bbox 935 1263 1108 1342; x_wconf 77' lang='lat' dir='ltr'>tangemur</span> <span class='ocrx_word' id='word_1_53' title='bbox 1131 1252 1238 1342; x_wconf 87' lang='lat' dir='ltr'><strong>amici,</strong></span> 
     </span>
     <span class='ocr_line' id='line_1_10' title="bbox 547 1361 1237 1450; baseline 0.001 -21"><span class='ocrx_word' id='word_1_54' title='bbox 547 1362 615 1429; x_wconf 81' lang='lat' dir='ltr'><strong>Nau</strong></span> <span class='ocrx_word' id='word_1_55' title='bbox 639 1361 847 1450; x_wconf 81' lang='lat' dir='ltr'><strong>desiderium,</strong></span> <span class='ocrx_word' id='word_1_56' title='bbox 869 1385 929 1429; x_wconf 77' lang='lat' dir='ltr'><strong>arra</strong></span> <span class='ocrx_word' id='word_1_57' title='bbox 952 1361 1115 1430; x_wconf 73' lang='lat' dir='ltr'><strong>cruciabit</strong></span> <span class='ocrx_word' id='word_1_58' title='bbox 1137 1386 1237 1430; x_wconf 78' lang='lat' dir='ltr'><strong>arraor.</strong></span> 
     </span>
     <span class='ocr_line' id='line_1_11' title="bbox 493 1461 1566 1563; baseline 0.001 -27"><span class='ocrx_word' id='word_1_59' title='bbox 493 1469 650 1557; x_wconf 87' lang='lat' dir='ltr'><strong>Baltasar,</strong></span> <span class='ocrx_word' id='word_1_60' title='bbox 673 1494 752 1559; x_wconf 82' lang='lat' dir='ltr'><strong>ergo</strong></span> <span class='ocrx_word' id='word_1_61' title='bbox 774 1470 860 1557; x_wconf 84' lang='lat' dir='ltr'><strong>hinc,</strong></span> <span class='ocrx_word' id='word_1_62' title='bbox 883 1472 943 1557; x_wconf 85' lang='lat' dir='ltr'><strong>si,¹</strong></span> <span class='ocrx_word' id='word_1_63' title='bbox 966 1471 994 1536; x_wconf 89' lang='lat' dir='ltr'><strong>si</strong></span> <span class='ocrx_word' id='word_1_64' title='bbox 1017 1493 1083 1559; x_wconf 87' lang='lat' dir='ltr'><strong>quc</strong></span> <span class='ocrx_word' id='word_1_65' title='bbox 1105 1480 1153 1537; x_wconf 87' lang='lat' dir='ltr'><strong>est</strong></span> <span class='ocrx_word' id='word_1_66' title='bbox 1175 1470 1236 1537; x_wconf 89' lang='lat' dir='ltr'><strong>tibi</strong></span> <span class='ocrx_word' id='word_1_67' title='bbox 1259 1480 1339 1538; x_wconf 87' lang='lat' dir='ltr'><strong>c&#39;ura</strong></span> <span class='ocrx_word' id='word_1_68' title='bbox 1359 1472 1477 1563; x_wconf 82' lang='lat' dir='ltr'><strong>Rayzi,</strong></span> <span class='ocrx_word' id='word_1_69' title='bbox 1559 1461 1566 1475; x_wconf 61' lang='lat'>⁸</span> 
     </span>
     <span class='ocr_line' id='line_1_12' title="bbox 546 1576 1356 1664; baseline 0 -22"><span class='ocrx_word' id='word_1_70' title='bbox 546 1579 616 1643; x_wconf 81' lang='lat' dir='ltr'><strong>Aut</strong></span> <span class='ocrx_word' id='word_1_71' title='bbox 637 1600 678 1643; x_wconf 89' lang='lat' dir='ltr'><strong>ne</strong></span> <span class='ocrx_word' id='word_1_72' title='bbox 700 1578 755 1662; x_wconf 86' lang='lat' dir='ltr'><strong>ito,</strong></span> <span class='ocrx_word' id='word_1_73' title='bbox 778 1586 836 1643; x_wconf 89' lang='lat' dir='ltr'><strong>aut</strong></span> <span class='ocrx_word' id='word_1_74' title='bbox 857 1578 886 1642; x_wconf 90' lang='lat' dir='ltr'><strong>si</strong></span> <span class='ocrx_word' id='word_1_75' title='bbox 909 1578 995 1647; x_wconf 77' lang='lat' dir='ltr'><strong>iaris.</strong></span> <span class='ocrx_word' id='word_1_76' title='bbox 1017 1576 1103 1662; x_wconf 93' lang='lat' dir='ltr'><strong>ilico,</strong></span> <span class='ocrx_word' id='word_1_77' title='bbox 1126 1598 1255 1664; x_wconf 82' lang='lat' dir='ltr'><strong>quaeso,</strong></span> <span class='ocrx_word' id='word_1_78' title='bbox 1277 1578 1356 1643; x_wconf 76' lang='lat' dir='ltr'><strong>reali.</strong></span> 
     </span>
    </p>
   </div>
   <div class='ocr_carea' id='block_1_4' title="bbox 923 1767 990 1832">
    <p class='ocr_par' dir='ltr' id='par_1_4' title="bbox 923 1767 990 1832">
     <span class='ocr_line' id='line_1_13' title="bbox 923 1767 990 1832; baseline 0 -1"><span class='ocrx_word' id='word_1_79' title='bbox 923 1767 990 1832; x_wconf 58' lang='grc' dir='ltr'><strong>ΙΙ.α</strong></span> 
     </span>
    </p>
   </div>
   <div class='ocr_carea' id='block_1_5' title="bbox 714 1895 1201 1959">
    <p class='ocr_par' dir='ltr' id='par_1_5' title="bbox 714 1895 1201 1959">
     <span class='ocr_line' id='line_1_14' title="bbox 714 1895 1201 1959; baseline -0.004 -15"><span class='ocrx_word' id='word_1_80' title='bbox 714 1895 1201 1959; x_wconf 78' lang='lat' dir='ltr'><strong>Praequodenarc.</strong></span> 
     </span>
    </p>
   </div>
   <div class='ocr_carea' id='block_1_6' title="bbox 494 1997 1474 2404">
    <p class='ocr_par' dir='ltr' id='par_1_6' title="bbox 494 1997 1309 2193">
     <span class='ocr_line' id='line_1_15' title="bbox 494 1997 1281 2087; baseline 0 -22"><span class='ocrx_word' id='word_1_81' title='bbox 494 1999 637 2087; x_wconf 77' lang='lat' dir='ltr'><strong>Egregia</strong></span> <span class='ocrx_word' id='word_1_82' title='bbox 660 1998 799 2066; x_wconf 90' lang='lat' dir='ltr'><strong>donatus</strong></span> <span class='ocrx_word' id='word_1_83' title='bbox 822 2020 905 2086; x_wconf 89' lang='lat' dir='ltr'><strong>equo</strong></span> <span class='ocrx_word' id='word_1_84' title='bbox 927 1997 987 2063; x_wconf 89' lang='lat' dir='ltr'><strong>tibi</strong></span> <span class='ocrx_word' id='word_1_85' title='bbox 1010 1998 1157 2064; x_wconf 89' lang='lat' dir='ltr'><strong>carmina</strong></span> <span class='ocrx_word' id='word_1_86' title='bbox 1179 1998 1281 2081; x_wconf 77' lang='lat' dir='ltr'><strong>mitto,</strong></span> 
     </span>
     <span class='ocr_line' id='line_1_16' title="bbox 547 2104 1309 2193; baseline -0.004 -21"><span class='ocrx_word' id='word_1_87' title='bbox 547 2104 707 2193; x_wconf 85' lang='lat' dir='ltr'><strong>Splendor</strong></span> <span class='ocrx_word' id='word_1_88' title='bbox 729 2104 917 2193; x_wconf 88' lang='lat' dir='ltr'><strong>apollineae,</strong></span> <span class='ocrx_word' id='word_1_89' title='bbox 939 2104 1099 2191; x_wconf 77' lang='lat' dir='ltr'><strong>Baltasar,</strong></span> <span class='ocrx_word' id='word_1_90' title='bbox 1123 2127 1207 2171; x_wconf 90' lang='lat' dir='ltr'><strong>unus</strong></span> <span class='ocrx_word' id='word_1_91' title='bbox 1230 2105 1309 2192; x_wconf 87' lang='lat' dir='ltr'><strong>opis.</strong></span> 
     </span>
    </p>

    <p class='ocr_par' dir='ltr' id='par_1_7' title="bbox 494 2208 1474 2404">
     <span class='ocr_line' id='line_1_17' title="bbox 494 2208 1474 2299; baseline -0.001 -22"><span class='ocrx_word' id='word_1_92' title='bbox 494 2212 632 2277; x_wconf 78' lang='lat' dir='ltr'><strong>Munera</strong></span> <span class='ocrx_word' id='word_1_93' title='bbox 655 2222 832 2295; x_wconf 66' lang='lat' dir='ltr'><strong>mutamus,</strong></span> <span class='ocrx_word' id='word_1_94' title='bbox 855 2220 931 2277; x_wconf 89' lang='lat' dir='ltr'><strong>sunt</strong></span> <span class='ocrx_word' id='word_1_95' title='bbox 953 2209 1076 2277; x_wconf 81' lang='lat' dir='ltr'><strong>Phoebi</strong></span> <span class='ocrx_word' id='word_1_96' title='bbox 1097 2211 1180 2277; x_wconf 91' lang='lat' dir='ltr'><strong>haec</strong></span> <span class='ocrx_word' id='word_1_97' title='bbox 1203 2221 1351 2299; x_wconf 89' lang='lat' dir='ltr'><strong>utraque:</strong></span> <span class='ocrx_word' id='word_1_98' title='bbox 1375 2208 1474 2277; x_wconf 86' lang='lat' dir='ltr'><strong>nobis</strong></span> 
     </span>
     <span class='ocr_line' id='line_1_18' title="bbox 548 2314 1432 2404; baseline -0.003 -21"><span class='ocrx_word' id='word_1_99' title='bbox 548 2317 703 2384; x_wconf 77' lang='lat' dir='ltr'><strong>Carmina</strong></span> <span class='ocrx_word' id='word_1_100' title='bbox 725 2316 783 2382; x_wconf 88' lang='lat' dir='ltr'><strong>dat</strong></span> <span class='ocrx_word' id='word_1_101' title='bbox 804 2315 963 2401; x_wconf 91' lang='lat' dir='ltr'><strong>Phoebus,</strong></span> <span class='ocrx_word' id='word_1_102' title='bbox 987 2314 1045 2381; x_wconf 75' lang='lat' dir='ltr'><strong>alat</strong></span> <span class='ocrx_word' id='word_1_103' title='bbox 1067 2315 1126 2381; x_wconf 90' lang='lat' dir='ltr'><strong>tibi</strong></span> <span class='ocrx_word' id='word_1_104' title='bbox 1150 2315 1300 2382; x_wconf 91' lang='lat' dir='ltr'><strong>Phoebus</strong></span> <span class='ocrx_word' id='word_1_105' title='bbox 1323 2338 1432 2404; x_wconf 88' lang='lat' dir='ltr'><strong>equos.</strong></span> 
     </span>
    </p>
   </div>
   <div class='ocr_carea' id='block_1_7' title="bbox 919 2510 1005 2576">
    <p class='ocr_par' dir='ltr' id='par_1_8' title="bbox 919 2510 1005 2576">
     <span class='ocr_line' id='line_1_19' title="bbox 919 2510 1005 2576; baseline 0 0"><span class='ocrx_word' id='word_1_106' title='bbox 919 2510 1005 2576; x_wconf 77' lang='lat'>111.³</span> 
     </span>
    </p>
   </div>
   <div class='ocr_carea' id='block_1_8' title="bbox 435 2634 1486 3257">
    <p class='ocr_par' dir='ltr' id='par_1_9' title="bbox 435 2634 1486 3257">
     <span class='ocr_line' id='line_1_20' title="bbox 498 2634 1336 2727; baseline 0 -26"><span class='ocrx_word' id='word_1_107' title='bbox 498 2634 549 2701; x_wconf 79' lang='lat' dir='ltr'><strong>un</strong></span> <span class='ocrx_word' id='word_1_108' title='bbox 573 2634 642 2721; x_wconf 86' lang='lat' dir='ltr'><strong>tibi,</strong></span> <span class='ocrx_word' id='word_1_109' title='bbox 665 2634 750 2724; x_wconf 87' lang='lat' dir='ltr'><strong>quod</strong></span> <span class='ocrx_word' id='word_1_110' title='bbox 774 2658 880 2725; x_wconf 83' lang='lat' dir='ltr'><strong>nuper</strong></span> <span class='ocrx_word' id='word_1_111' title='bbox 902 2658 1034 2705; x_wconf 87' lang='lat' dir='ltr'><strong>carruca</strong></span> <span class='ocrx_word' id='word_1_112' title='bbox 1060 2634 1196 2704; x_wconf 82' lang='lat' dir='ltr'><strong>funebre</strong></span> <span class='ocrx_word' id='word_1_113' title='bbox 1219 2636 1336 2727; x_wconf 82' lang='lat' dir='ltr'><strong>petisti,</strong></span> 
     </span>
     <span class='ocr_line' id='line_1_21' title="bbox 551 2742 1392 2835; baseline 0.005 -28"><span class='ocrx_word' id='word_1_114' title='bbox 551 2742 707 2810; x_wconf 73' lang='lat' dir='ltr'><strong>baltasar.</strong></span> <span class='ocrx_word' id='word_1_115' title='bbox 731 2742 793 2810; x_wconf 94' lang='lat' dir='ltr'><strong>Illo</strong></span> <span class='ocrx_word' id='word_1_116' title='bbox 817 2744 942 2810; x_wconf 86' lang='lat' dir='ltr'><strong>utinam</strong></span> <span class='ocrx_word' id='word_1_117' title='bbox 966 2754 1033 2811; x_wconf 88' lang='lat' dir='ltr'><strong>tam</strong></span> <span class='ocrx_word' id='word_1_118' title='bbox 1056 2744 1121 2812; x_wconf 87' lang='lat' dir='ltr'><strong>cito</strong></span> <span class='ocrx_word' id='word_1_119' title='bbox 1144 2768 1208 2811; x_wconf 91' lang='lat' dir='ltr'><strong>aaa</strong></span> <span class='ocrx_word' id='word_1_120' title='bbox 1232 2744 1276 2812; x_wconf 90' lang='lat' dir='ltr'><strong>sit</strong></span> <span class='ocrx_word' id='word_1_121' title='bbox 1298 2746 1392 2835; x_wconf 85' lang='lat' dir='ltr'><strong>apua!</strong></span> 
     </span>
     <span class='ocr_line' id='line_1_22' title="bbox 496 2848 1355 2941; baseline -0.002 -22"><span class='ocrx_word' id='word_1_122' title='bbox 496 2848 561 2919; x_wconf 87' lang='lat' dir='ltr'><strong>Sed</strong></span> <span class='ocrx_word' id='word_1_123' title='bbox 585 2851 649 2917; x_wconf 92' lang='lat' dir='ltr'><strong>cito</strong></span> <span class='ocrx_word' id='word_1_124' title='bbox 671 2874 713 2918; x_wconf 91' lang='lat' dir='ltr'><strong>ne</strong></span> <span class='ocrx_word' id='word_1_125' title='bbox 736 2851 778 2917; x_wconf 89' lang='lat' dir='ltr'><strong>sit</strong></span> <span class='ocrx_word' id='word_1_126' title='bbox 800 2875 891 2941; x_wconf 91' lang='lat' dir='ltr'><strong>opus,</strong></span> <span class='ocrx_word' id='word_1_127' title='bbox 915 2851 1017 2919; x_wconf 84' lang='lat' dir='ltr'><strong>iacias</strong></span> <span class='ocrx_word' id='word_1_128' title='bbox 1041 2862 1085 2939; x_wconf 96' lang='lat' dir='ltr'><strong>tu,</strong></span> <span class='ocrx_word' id='word_1_129' title='bbox 1108 2852 1267 2937; x_wconf 80' lang='lat' dir='ltr'><strong>Baltasar,</strong></span> <span class='ocrx_word' id='word_1_130' title='bbox 1289 2852 1355 2937; x_wconf 89' lang='lat' dir='ltr'><strong>illa,</strong></span> 
     </span>
     <span class='ocr_line' id='line_1_23' title="bbox 550 2954 1347 3045; baseline 0.003 -24"><span class='ocrx_word' id='word_1_131' title='bbox 550 2954 625 3035; x_wconf 83' lang='lat' dir='ltr'><strong>Qua</strong></span> <span class='ocrx_word' id='word_1_132' title='bbox 647 2978 707 3042; x_wconf 89' lang='lat' dir='ltr'><strong>me,</strong></span> <span class='ocrx_word' id='word_1_133' title='bbox 730 2980 795 3045; x_wconf 91' lang='lat' dir='ltr'><strong>qua</strong></span> <span class='ocrx_word' id='word_1_134' title='bbox 816 2957 945 3043; x_wconf 86' lang='lat' dir='ltr'><strong>multos,</strong></span> <span class='ocrx_word' id='word_1_135' title='bbox 968 2958 1128 3044; x_wconf 80' lang='lat' dir='ltr'><strong>Baltasar,</strong></span> <span class='ocrx_word' id='word_1_136' title='bbox 1150 2967 1220 3025; x_wconf 88' lang='lat' dir='ltr'><strong>arte</strong></span> <span class='ocrx_word' id='word_1_137' title='bbox 1242 2958 1347 3024; x_wconf 88' lang='lat' dir='ltr'><strong>iuvas.</strong></span> 
     </span>
     <span class='ocr_line' id='line_1_24' title="bbox 435 3061 1486 3151; baseline 0.003 -25"><span class='ocrx_word' id='word_1_138' title='bbox 435 3084 463 3127; x_wconf 81' lang='lat' dir='ltr'><strong>s.</strong></span> <span class='ocrx_word' id='word_1_139' title='bbox 493 3062 567 3127; x_wconf 86' lang='lat' dir='ltr'><strong>Non</strong></span> <span class='ocrx_word' id='word_1_140' title='bbox 590 3084 672 3149; x_wconf 91' lang='lat' dir='ltr'><strong>opus</strong></span> <span class='ocrx_word' id='word_1_141' title='bbox 693 3061 754 3147; x_wconf 92' lang='lat' dir='ltr'><strong>his,</strong></span> <span class='ocrx_word' id='word_1_142' title='bbox 777 3085 842 3128; x_wconf 91' lang='lat' dir='ltr'><strong>non</strong></span> <span class='ocrx_word' id='word_1_143' title='bbox 865 3063 909 3128; x_wconf 90' lang='lat' dir='ltr'><strong>sit</strong></span> <span class='ocrx_word' id='word_1_144' title='bbox 929 3073 977 3129; x_wconf 81' lang='lat' dir='ltr'><strong>tot</strong></span> <span class='ocrx_word' id='word_1_145' title='bbox 999 3063 1118 3130; x_wconf 90' lang='lat' dir='ltr'><strong>deiude</strong></span> <span class='ocrx_word' id='word_1_146' title='bbox 1141 3063 1349 3151; x_wconf 85' lang='lat' dir='ltr'><strong>sequentibus</strong></span> <span class='ocrx_word' id='word_1_147' title='bbox 1372 3064 1486 3129; x_wconf 84' lang='lat' dir='ltr'><strong>annisl</strong></span> 
     </span>
     <span class='ocr_line' id='line_1_25' title="bbox 548 3166 1385 3257; baseline 0.004 -26"><span class='ocrx_word' id='word_1_148' title='bbox 548 3166 743 3255; x_wconf 82' lang='lat' dir='ltr'><strong>Astrologns</strong></span> <span class='ocrx_word' id='word_1_149' title='bbox 766 3168 822 3234; x_wconf 87' lang='lat' dir='ltr'><strong>sed</strong></span> <span class='ocrx_word' id='word_1_150' title='bbox 845 3178 891 3254; x_wconf 90' lang='lat' dir='ltr'><strong>tu,</strong></span> <span class='ocrx_word' id='word_1_151' title='bbox 912 3191 1009 3257; x_wconf 90' lang='lat' dir='ltr'><strong>quam</strong></span> <span class='ocrx_word' id='word_1_152' title='bbox 1035 3170 1108 3255; x_wconf 84' lang='lat' dir='ltr'><strong>cito,</strong></span> <span class='ocrx_word' id='word_1_153' title='bbox 1132 3170 1207 3256; x_wconf 89' lang='lat' dir='ltr'><strong>scis,</strong></span> <span class='ocrx_word' id='word_1_154' title='bbox 1231 3169 1274 3236; x_wconf 86' lang='lat' dir='ltr'><strong>sit</strong></span> <span class='ocrx_word' id='word_1_155' title='bbox 1295 3192 1385 3257; x_wconf 90' lang='lat' dir='ltr'><strong>opus.</strong></span> 
     </span>
    </p>
   </div>
   <div class='ocr_carea' id='block_1_9' title="bbox 353 3361 1450 4104">
    <p class='ocr_par' dir='ltr' id='par_1_10' title="bbox 353 3361 1450 4104">
     <span class='ocr_line' id='line_1_26' title="bbox 918 3361 997 3427; baseline 0.013 -1"><span class='ocrx_word' id='word_1_156' title='bbox 918 3361 997 3427; x_wconf 69' lang='grc' dir='ltr'><strong>Ν*</strong></span> 
     </span>
     <span class='ocr_line' id='line_1_27' title="bbox 353 3482 1351 3571; baseline 0.002 -24"><span class='ocrx_word' id='word_1_157' title='bbox 353 3502 356 3505; x_wconf 77' lang='grc'><strong>’</strong></span> <span class='ocrx_word' id='word_1_158' title='bbox 496 3482 562 3563; x_wconf 82' lang='lat' dir='ltr'><strong>Qui</strong></span> <span class='ocrx_word' id='word_1_159' title='bbox 585 3506 754 3570; x_wconf 77' lang='lat' dir='ltr'><strong>superasse</strong></span> <span class='ocrx_word' id='word_1_160' title='bbox 779 3494 870 3571; x_wconf 85' lang='lat' dir='ltr'><strong>potes</strong></span> <span class='ocrx_word' id='word_1_161' title='bbox 892 3485 1035 3571; x_wconf 78' lang='lat' dir='ltr'><strong>triginta,</strong></span> <span class='ocrx_word' id='word_1_162' title='bbox 1058 3483 1217 3568; x_wconf 81' lang='lat' dir='ltr'><strong>Baltasar,</strong></span> <span class='ocrx_word' id='word_1_163' title='bbox 1240 3506 1351 3567; x_wconf 89' lang='lat' dir='ltr'><strong>annos,</strong></span> 
     </span>
     <span class='ocr_line' id='line_1_28' title="bbox 549 3588 1326 3678; baseline -0.001 -23"><span class='ocrx_word' id='word_1_164' title='bbox 549 3588 717 3655; x_wconf 87' lang='lat' dir='ltr'><strong>Sollicitus</strong></span> <span class='ocrx_word' id='word_1_165' title='bbox 739 3611 880 3675; x_wconf 89' lang='lat' dir='ltr'><strong>carmen,</strong></span> <span class='ocrx_word' id='word_1_166' title='bbox 903 3589 989 3678; x_wconf 91' lang='lat' dir='ltr'><strong>quod</strong></span> <span class='ocrx_word' id='word_1_167' title='bbox 1014 3589 1098 3655; x_wconf 89' lang='lat' dir='ltr'><strong>ferat</strong></span> <span class='ocrx_word' id='word_1_168' title='bbox 1121 3612 1212 3674; x_wconf 88' lang='lat' dir='ltr'><strong>urna,</strong></span> <span class='ocrx_word' id='word_1_169' title='bbox 1235 3590 1326 3678; x_wconf 85' lang='lat' dir='ltr'><strong>petis.</strong></span> 
     </span>
     <span class='ocr_line' id='line_1_29' title="bbox 497 3694 1450 3779; baseline -0.001 -20"><span class='ocrx_word' id='word_1_170' title='bbox 497 3695 580 3759; x_wconf 83' lang='lat' dir='ltr'><strong>Fata</strong></span> <span class='ocrx_word' id='word_1_171' title='bbox 602 3695 725 3760; x_wconf 82' lang='lat' dir='ltr'><strong>instare</strong></span> <span class='ocrx_word' id='word_1_172' title='bbox 748 3694 808 3760; x_wconf 89' lang='lat' dir='ltr'><strong>tibi</strong></span> <span class='ocrx_word' id='word_1_173' title='bbox 830 3704 863 3761; x_wconf 85' lang='lat' dir='ltr'><strong>te</strong></span> <span class='ocrx_word' id='word_1_174' title='bbox 885 3694 962 3761; x_wconf 91' lang='lat' dir='ltr'><strong>hinc</strong></span> <span class='ocrx_word' id='word_1_175' title='bbox 985 3717 1118 3762; x_wconf 86' lang='lat' dir='ltr'><strong>cernere</strong></span> <span class='ocrx_word' id='word_1_176' title='bbox 1140 3694 1304 3761; x_wconf 87' lang='lat' dir='ltr'><strong>credimus</strong></span> <span class='ocrx_word' id='word_1_177' title='bbox 1327 3716 1450 3779; x_wconf 85' lang='lat' dir='ltr'><strong>omncs,</strong></span> 
     </span>
     <span class='ocr_line' id='line_1_30' title="bbox 550 3798 1332 3886; baseline 0 -21"><span class='ocrx_word' id='word_1_178' title='bbox 550 3799 707 3886; x_wconf 86' lang='lat' dir='ltr'><strong>Baltasar,</strong></span> <span class='ocrx_word' id='word_1_179' title='bbox 728 3801 792 3867; x_wconf 89' lang='lat' dir='ltr'><strong>boc</strong></span> <span class='ocrx_word' id='word_1_180' title='bbox 815 3801 942 3868; x_wconf 86' lang='lat' dir='ltr'><strong>caelum</strong></span> <span class='ocrx_word' id='word_1_181' title='bbox 964 3800 1075 3868; x_wconf 74' lang='lat' dir='ltr'><strong>dicare</strong></span> <span class='ocrx_word' id='word_1_182' title='bbox 1097 3810 1130 3867; x_wconf 89' lang='lat' dir='ltr'><strong>et</strong></span> <span class='ocrx_word' id='word_1_183' title='bbox 1152 3811 1241 3867; x_wconf 91' lang='lat' dir='ltr'><strong>astra</strong></span> <span class='ocrx_word' id='word_1_184' title='bbox 1262 3798 1332 3866; x_wconf 91' lang='lat' dir='ltr'><strong>tibi.</strong></span> 
     </span>
     <span class='ocr_line' id='line_1_31' title="bbox 438 3904 1382 3996; baseline -0.004 -21"><span class='ocrx_word' id='word_1_185' title='bbox 438 3931 465 3975; x_wconf 83' lang='lat' dir='ltr'><strong>a.</strong></span> <span class='ocrx_word' id='word_1_186' title='bbox 494 3907 652 3996; x_wconf 86' lang='lat' dir='ltr'><strong>Magnum</strong></span> <span class='ocrx_word' id='word_1_187' title='bbox 674 3931 694 3973; x_wconf 94' lang='lat' dir='ltr'><strong>o</strong></span> <span class='ocrx_word' id='word_1_188' title='bbox 717 3906 895 3975; x_wconf 76' lang='lat' dir='ltr'><strong>discrimen</strong></span> <span class='ocrx_word' id='word_1_189' title='bbox 918 3908 1026 3975; x_wconf 85' lang='lat' dir='ltr'><strong>famae</strong></span> <span class='ocrx_word' id='word_1_190' title='bbox 1049 3918 1114 3992; x_wconf 88' lang='lat' dir='ltr'><strong>tua,</strong></span> <span class='ocrx_word' id='word_1_191' title='bbox 1138 3904 1296 3993; x_wconf 90' lang='lat' dir='ltr'><strong>Baltasar,</strong></span> <span class='ocrx_word' id='word_1_192' title='bbox 1318 3906 1382 3972; x_wconf 88' lang='lat' dir='ltr'><strong>ista</strong></span> 
     </span>
     <span class='ocr_line' id='line_1_32' title="bbox 551 4012 1324 4104; baseline -0.003 -23"><span class='ocrx_word' id='word_1_193' title='bbox 551 4017 719 4097; x_wconf 79' lang='lat' dir='ltr'><strong>Quantum</strong></span> <span class='ocrx_word' id='word_1_194' title='bbox 742 4015 869 4104; x_wconf 80' lang='lat' dir='ltr'><strong>babeat,</strong></span> <span class='ocrx_word' id='word_1_195' title='bbox 891 4017 1007 4103; x_wconf 91' lang='lat' dir='ltr'><strong>nescis,</strong></span> <span class='ocrx_word' id='word_1_196' title='bbox 1030 4014 1216 4083; x_wconf 83' lang='lat' dir='ltr'><strong>sollicitudo</strong></span> <span class='ocrx_word' id='word_1_197' title='bbox 1239 4012 1324 4079; x_wconf 85' lang='lat' dir='ltr'><strong>mali</strong></span> 
     </span>
    </p>
   </div>
   <div class='ocr_carea' id='block_1_10' title="bbox 500 4202 1491 4455">
    <p class='ocr_par' dir='ltr' id='par_1_11' title="bbox 500 4202 1491 4455">
     <span class='ocr_line' id='line_1_33' title="bbox 503 4202 1491 4276; baseline -0.004 -17"><span class='ocrx_word' id='word_1_198' title='bbox 503 4206 510 4237; x_wconf 87' lang='lat'>¹</span> <span class='ocrx_word' id='word_1_199' title='bbox 529 4208 579 4260; x_wconf 81' lang='lat' dir='ltr'><strong>lla.</strong></span> <span class='ocrx_word' id='word_1_200' title='bbox 600 4224 679 4276; x_wconf 69' lang='lat' dir='ltr'><strong>,crgo</strong></span> <span class='ocrx_word' id='word_1_201' title='bbox 697 4208 742 4261; x_wconf 85' lang='lat' dir='ltr'><strong>bic</strong></span> <span class='ocrx_word' id='word_1_202' title='bbox 759 4208 807 4260; x_wconf 71' lang='lat' dir='ltr'><strong>ab*</strong></span> <span class='ocrx_word' id='word_1_203' title='bbox 829 4236 862 4247; x_wconf 97' lang='lat'>-</span> <span class='ocrx_word' id='word_1_204' title='bbox 882 4208 1007 4261; x_wconf 80' lang='lat' dir='ltr'><strong>Baltasar</strong></span> <span class='ocrx_word' id='word_1_205' title='bbox 1025 4208 1170 4261; x_wconf 83' lang='lat' dir='ltr'><strong>Craccrlas</strong></span> <span class='ocrx_word' id='word_1_206' title='bbox 1188 4212 1252 4259; x_wconf 84' lang='lat' dir='ltr'><strong>tunc</strong></span> <span class='ocrx_word' id='word_1_207' title='bbox 1271 4204 1354 4257; x_wconf 81' lang='lat' dir='ltr'><strong>luisse</strong></span> <span class='ocrx_word' id='word_1_208' title='bbox 1373 4202 1491 4257; x_wconf 81' lang='lat' dir='ltr'><strong>ridetur.</strong></span> 
     </span>
     <span class='ocr_line' id='line_1_34' title="bbox 500 4296 669 4352; baseline -0.006 0"><span class='ocrx_word' id='word_1_209' title='bbox 500 4296 606 4352; x_wconf 71' lang='lat' dir='ltr'><strong>&#39;Corn</strong></span> <span class='ocrx_word' id='word_1_210' title='bbox 625 4298 669 4352; x_wconf 75' lang='grc'><strong>30.</strong></span> 
     </span>
     <span class='ocr_line' id='line_1_35' title="bbox 500 4385 1277 4455; baseline -0.005 -14"><span class='ocrx_word' id='word_1_211' title='bbox 500 4386 643 4441; x_wconf 78' lang='lat' dir='ltr'><strong>&#39;Carmen</strong></span> <span class='ocrx_word' id='word_1_212' title='bbox 662 4390 711 4452; x_wconf 82' lang='lat'><strong>111,</strong></span> <span class='ocrx_word' id='word_1_213' title='bbox 729 4389 767 4440; x_wconf 85' lang='lat' dir='ltr'><strong>lV</strong></span> <span class='ocrx_word' id='word_1_214' title='bbox 785 4394 814 4439; x_wconf 83' lang='lat' dir='ltr'><strong>et</strong></span> <span class='ocrx_word' id='word_1_215' title='bbox 831 4389 856 4438; x_wconf 85' lang='lat' dir='ltr'>V</span> <span class='ocrx_word' id='word_1_216' title='bbox 874 4396 964 4440; x_wconf 80' lang='lat' dir='ltr'><strong>exstat</strong></span> <span class='ocrx_word' id='word_1_217' title='bbox 981 4389 1010 4439; x_wconf 88' lang='lat' dir='ltr'><strong>iu</strong></span> <span class='ocrx_word' id='word_1_218' title='bbox 1028 4404 1101 4441; x_wconf 88' lang='lat' dir='ltr'><strong>caru.</strong></span> <span class='ocrx_word' id='word_1_219' title='bbox 1122 4404 1164 4455; x_wconf 73' lang='lat' dir='ltr'><strong>pg.</strong></span> <span class='ocrx_word' id='word_1_220' title='bbox 1184 4385 1219 4441; x_wconf 78' lang='lat'><strong>8³</strong></span> <span class='ocrx_word' id='word_1_221' title='bbox 1237 4402 1277 4452; x_wconf 85' lang='lat' dir='ltr'><strong>aq.</strong></span> 
     </span>
    </p>
   </div>
   <div class='ocr_carea' id='block_1_11' title="bbox 498 4472 1429 4614">
    <p class='ocr_par' dir='ltr' id='par_1_12' title="bbox 498 4472 1429 4614">
     <span class='ocr_line' id='line_1_36' title="bbox 498 4472 1366 4543; baseline -0.008 -13"><span class='ocrx_word' id='word_1_222' title='bbox 498 4477 510 4508; x_wconf 85' lang='lat'>⁴</span> <span class='ocrx_word' id='word_1_223' title='bbox 529 4476 648 4530; x_wconf 77' lang='lat' dir='ltr'><strong>camini</strong></span> <span class='ocrx_word' id='word_1_224' title='bbox 666 4478 704 4528; x_wconf 80' lang='lat' dir='ltr'><strong>lv</strong></span> <span class='ocrx_word' id='word_1_225' title='bbox 722 4483 751 4528; x_wconf 86' lang='lat' dir='ltr'><strong>ct</strong></span> <span class='ocrx_word' id='word_1_226' title='bbox 768 4478 792 4527; x_wconf 84' lang='lat' dir='ltr'>V</span> <span class='ocrx_word' id='word_1_227' title='bbox 810 4478 1004 4543; x_wconf 71' lang='lat' dir='ltr'><strong>praescribitur</strong></span> <span class='ocrx_word' id='word_1_228' title='bbox 1023 4478 1149 4542; x_wconf 72' lang='lat' dir='ltr'><strong>,locam</strong></span> <span class='ocrx_word' id='word_1_229' title='bbox 1168 4491 1229 4528; x_wconf 86' lang='lat' dir='ltr'><strong>curn</strong></span> <span class='ocrx_word' id='word_1_230' title='bbox 1247 4472 1366 4525; x_wconf 75' lang='lat' dir='ltr'><strong>scdsnr‘.</strong></span> 
     </span>
     <span class='ocr_line' id='line_1_37' title="bbox 499 4558 1429 4614; baseline -0.002 0"><span class='ocrx_word' id='word_1_231' title='bbox 499 4573 605 4614; x_wconf 66' lang='lat' dir='ltr'><strong>emuna</strong></span> <span class='ocrx_word' id='word_1_232' title='bbox 616 4572 644 4611; x_wconf 88' lang='lat' dir='ltr'><strong>r.</strong></span> <span class='ocrx_word' id='word_1_233' title='bbox 660 4570 678 4611; x_wconf 88' lang='lat' dir='ltr'><strong>u</strong></span> <span class='ocrx_word' id='word_1_234' title='bbox 1392 4558 1429 4612; x_wconf 75' lang='lat'><strong>18</strong></span> 
     </span>
    </p>
   </div>
   <div class='ocr_carea' id='block_1_12' title="bbox 0 0 2066 5767">
    <p class='ocr_par' dir='ltr' id='par_1_13' title="bbox 0 0 2066 5767">
     <span class='ocr_line' id='line_1_38' title="bbox 0 0 2066 5767; baseline 0 0"><span class='ocrx_word' id='word_1_235' title='bbox 0 0 2066 5767; x_wconf 95' lang='lat' dir='ltr'><strong> </strong></span> 
     </span>
    </p>
   </div>
  </div>
 </body>
</html>
