4109 5767
875 709 1085 746 castrametatis.

359 764 370 786 ⁸
412 778 773 808 πω..
828 791 1148 800 ...,..«-.-.....,..-..
1196 794 1202 800 .
1276 793 1419 800 ..--,...-.-

524 902 692 992 llereynia
715 902 748 968 in
772 901 867 990 silua,
891 903 981 970 veuit
1003 926 1079 970 eum
1103 903 1246 992 frigidus
1269 928 1384 972 nunus.

608 1011 713 1098 lingo
736 1008 793 1077 sed
816 1007 875 1076 hos
898 1034 1010 1078 sirenes
1033 1021 1066 1078 et
1080 1035 1161 1100 quos
1177 1013 1409 1101 eoruprendere
1424 1037 1491 1082 non
1505 1023 1556 1082 est

520 1119 586 1184 llas
608 1141 752 1202 nurnero,
776 1119 893 1205 spretis
915 1118 1116 1185 nostratibus
1138 1118 1198 1185 illa
1220 1129 1359 1206 seeutos,

411 1245 485 1291 aso.
518 1226 670 1292 Vesanus
692 1247 776 1313 quae
798 1223 885 1292 Saxo
908 1224 1004 1292 dooet
1025 1248 1172 1314 quaeque
1195 1225 1300 1293 insuia
1323 1227 1394 1294 veri

519 1331 617 1398 Plebs
628 1330 744 1419 probat
756 1340 788 1397 et
802 1341 940 1418 gentem,
954 1333 1042 1419 quod
1058 1333 1235 1419 abominor,
1249 1355 1340 1400 error
1354 1331 1410 1402 bie
1425 1358 1555 1404 omnem

519 1436 683 1524 Oeeupet:
707 1437 878 1523 Augustus
901 1446 952 1502 sat
974 1439 1045 1522 erit,
1067 1461 1128 1504 rex
1150 1439 1293 1524 inolitus,
1316 1462 1410 1526 unus,

519 1543 698 1629 Augustus,
721 1565 785 1629 quo
807 1565 869 1609 nee
893 1542 1006 1609 melior
1029 1565 1091 1611 nee
1112 1544 1228 1610 iustior
1252 1543 1339 1611 nllus

519 1648 655 1736 Seeptra
678 1659 773 1734 tenet,
796 1648 866 1713 divi
890 1648 992 1737 patris
1016 1650 1156 1737 vestigia
1178 1672 1323 1716 servans.

409 1775 483 1821 ass.
516 1756 645 1821 Exeitis
668 1766 719 1821 snt
741 1756 803 1822 erit
825 1765 872 1822 tot
894 1757 1140 1846 tempestatibus
1163 1780 1248 1823 unus

518 1861 689 1948 Sedandis,
711 1862 799 1928 adsit
821 1871 947 1928 tantum
970 1864 1063 1930 Deus
1086 1863 1216 1930 aethere
1238 1863 1280 1930 ab
1304 1864 1370 1931 alto

518 1966 733 2055 Palantesque
756 1967 893 2034 redueat
914 1991 1002 2034 oves.
1025 1969 1100 2035 Non
1124 1968 1239 2036 ultimo
1261 1969 1303 2036 ab
1326 1993 1418 2057 aevo,

517 2073 668 2140 Obscura
690 2083 723 2140 et
744 2073 864 2139 nostris
887 2074 1000 2160 ignota
1021 2074 1172 2162 exempla
1194 2085 1349 2163 petemus.

515 2179 633 2245 Nonne
656 2178 848 2270 calydoniae
872 2180 957 2246 vidit
979 2180 1076 2245 ruodo
1097 2180 1203 2246 Roma
1224 2181 1399 2248 Britannos

407 2306 482 2353 aro.
518 2285 558 2352 Iu
581 2296 687 2353 saetas
710 2285 830 2354 abiisse
852 2309 965 2372 novus,
987 2309 1076 2353 nova
1098 2308 1193 2354 saera
1216 2288 1369 2354 secutos?

515 2393 606 2473 Quos
629 2415 718 2459 nune
741 2415 916 2459 conversos
939 2391 982 2458 ad
1006 2393 1145 2480 pristina
1166 2393 1289 2481 gaudet
1310 2394 1451 2461 eosdem

517 2499 590 2566 lloe
613 2522 732 2566 munus
755 2499 825 2587 regi
848 2521 910 2565 nee
933 2522 968 2566 se
991 2499 1110 2566 debere
1131 2498 1285 2588 Philippo

514 2606 711 2672 Dissimulet
733 2628 887 2672 romanus
911 2627 1007 2694 apex3
1032 2605 1150 2672 debere
1173 2604 1325 2694 Philippo

515 2711 671 2799 Hispane,
695 2712 789 2777 auius
812 2711 931 2798 pietate
953 2710 1126 2775 Britannia
1148 2711 1231 2775 ritus

408 2800 482 2882 aas.
516 2817 615 2882 Vieta
637 2839 740 2883 novos
763 2814 867 2903 liquit,
889 2814 1052 2903 Capitolia
1073 2813 1116 2880 ad
1139 2813 1207 2881 alta
1228 2819 1419 2883 revertens.¹

515 2921 1491 3010 Auurinusltugustumbunerogem,Lipmmuneputandum
1500 2931 1550 2990 ast

514 3030 621 3116 Posse,
644 3030 797 3096 minusve
820 3028 938 3094 animis
961 3027 1111 3116 agitare?
1133 3026 1296 3116 Exempla
1317 3051 1452 3094 suorum

511 3139 598 3204 Ante
620 3136 732 3204 oeulos
755 3133 861 3223 habet,
884 3135 972 3203 unde
993 3157 1107 3223 genus,
1129 3134 1228 3224 stirps
1250 3134 1365 3202 inelita
1386 3135 1478 3224 genti

512 3244 625 3310 Prima
647 3267 735 3310 suae.
757 3243 828 3310 Hos
851 3242 944 3308 silvis
967 3241 1104 3331 populos
1125 3241 1250 3329 lagello
1272 3241 1396 3308 relietis

409 3373 482 3418 eso.
515 3351 597 3438 Igne
621 3371 715 3416 saero
737 3358 770 3416 et
792 3348 874 3414 diris
897 3347 1050 3433 eolubris,
1072 3371 1156 3436 quae
1178 3349 1314 3414 numina
1337 3348 1427 3434 fusi,

513 3457 627 3543 Ignari
651 3456 730 3540 veri,
754 3455 845 3520 stulti
868 3453 945 3519 olim
969 3463 1077 3520 mente
1100 3452 1259 3539 nolebant,

510 3561 675 3651 Compulit
697 3561 741 3628 ad
763 3560 886 3629 Obristi
909 3571 1039 3627 sanctos
1062 3559 1238 3649 procedere
1261 3560 1376 3647 fontes,

512 3667 617 3758 Inque
640 3691 750 3736 saeros
773 3667 887 3736 latiees
910 3667 1084 3736 flaventem
1107 3667 1301 3755 immergere
1324 3668 1457 3736 arimen.

512 3774 646 3844 Seilieet
667 3773 748 3843 haee
770 3785 918 3864 repetens
941 3773 1092 3863 exempla
1114 3774 1300 3862 domestiea,
1322 3775 1402 3864 quid
1424 3798 1491 3843 non

409 3903 466 3948 esu
512 3883 683 3970 Augustus
705 3882 816 3968 magni
839 3891 978 3968 angusto
1001 3881 1063 3946 sub
1085 3890 1216 3968 peetore
1239 3881 1371 3948 verset?

512 3987 641 4076 Aspieit
663 3988 844 4053 Henrieum
867 3986 1039 4054 Gallorum
1062 3995 1191 4075 sceptra
1213 3996 1384 4074 tenentem,

511 4094 556 4160 Et
576 4116 704 4182 quoque
726 4094 777 4159 bis
800 4115 948 4160 sueorum
971 4094 1105 4180 regem8
1126 4102 1167 4179 et,
1182 4094 1237 4159 oui
1252 4115 1380 4159 summa
1394 4103 1546 4182 potestas,

513 4303 520 4335 ¹
538 4306 623 4357 Annis
642 4306 712 4358 onim
733 4304 909 4360 tuta-lete
922 4307 1047 4372 regnavit
1058 4306 1086 4356 iu
1104 4306 1245 4357 ltritsnnia
1263 4306 1359 4370 Maris,
1378 4305 1542 4360 catharinae

402 4396 554 4464 Anagnutes
572 4395 637 4460 fllia,
650 4411 719 4462 quae
732 4411 829 4448 novam
842 4403 944 4448 seetaru
957 4396 984 4446 vi
1007 4397 1177 4462 exstinguere
1197 4395 1393 4462 ltrttsnuosqun
1412 4395 1544 4449 eeclesiae

403 4499 529 4535 romanae
547 4485 720 4537 reconciliare
739 4485 894 4538 conabatur.
914 4487 975 4548 Quas
992 4485 1020 4534 in
1040 4500 1068 4536 re
1087 4484 1216 4536 obsecuta
1233 4490 1275 4534 est
1291 4485 1379 4535 Maria
1390 4499 1491 4552 magns
1508 4501 1543 4536 ex

403 4579 478 4642 parte
496 4574 592 4626 studiis
610 4574 727 4642 l’lrilippl
746 4577 781 4640 ll,
801 4575 992 4643 llispaniarusu
1012 4575 1092 4643 rogis,
1111 4575 1153 4627 eui
1173 4573 1265 4640 nrumit
1284 4591 1308 4626 a
1329 4572 1406 4628 tttt.

510 4662 737 4718 'l'errlinsnduru
756 4668 777 4729 1,
796 4666 841 4732 qut
861 4673 949 4717 temon
969 4666 1045 4718 brevi
1063 4672 1124 4732 post
1142 4682 1166 4717 a.
1187 4663 1271 4730 lbbb,
1290 4680 1343 4730 qno
1358 4671 1474 4718 exeunte
1492 4665 1545 4718 Ca·

403 4754 476 4807 relus
495 4755 687 4822 Hispaniarum
712 4769 823 4822 regnurn
848 4755 902 4806 fille
930 4756 1071 4819 eoneossit,
1098 4756 1244 4821 imperator
1270 4755 1431 4806 Germaniae
1453 4756 1543 4808 laetus

1387 4843 1437 4897 13*
