4109 5767
818 1999 1045 2094 appendix
1076 2001 1135 2079 m.

515 2349 678 2416 Editionis
701 2348 798 2415 huius
821 2361 977 2438 apparatu
1002 2351 1068 2416 iam
1092 2374 1193 2440 paene
1217 2353 1304 2418 omni
1326 2353 1414 2442 typis
1429 2375 1550 2420 excuso

410 2458 559 2546 pervenit
581 2457 615 2524 in
635 2479 753 2524 manus
769 2479 857 2524 meas
872 2455 955 2524 libor
970 2483 991 2523 a
1005 2457 1176 2526 Theodoro
1188 2457 1427 2526 Wicrnbowslri
1442 2458 1550 2526 editus

410 2565 607 2655 (llatcryaly
642 2564 684 2631 do
718 2564 856 2652 daiejdw
890 2567 1152 2654 pidmieuniotua
1186 2565 1364 2654 polskiego.
1401 2567 1483 2632 'l'om
1515 2567 1549 2652 I,

411 2671 600 2737 Warszawa
625 2673 732 2757 1900),
753 2673 811 2760 qui
833 2672 1068 2739 tabulariorum
1092 2671 1179 2738 haurd
1203 2659 1403 2760 spernendas
1430 2673 1550 2760 copias,

409 2776 451 2843 ad
474 2775 601 2844 litteras
623 2778 772 2866 vitasque
795 2779 991 2867 scriptorum
1015 2778 1137 2845 saecoli
1162 2779 1229 2844 XV
1252 2791 1349 2866 atque
1372 2778 1456 2844 XVI
1473 2777 1548 2844 illu-

412 2883 563 2951 strandus
578 2885 784 2974 pertinentes,
800 2883 1035 2974 complectitur.
1059 2886 1099 2952 In
1115 2885 1234 2974 quibus
1257 2907 1332 2951 curn
1348 2885 1446 2951 etiarn
1462 2885 1552 2976 Roy-

410 2990 503 3058 aiann
518 2992 679 3081 quaedam
694 2992 803 3060 adbuc
818 2992 898 3060 mibi
915 2995 1025 3081 ignota
1041 2995 1293 3078 continerentur,
1310 2993 1423 3061 abesse
1438 3017 1549 3059 corum

411 3098 555 3167 ductum
578 3100 620 3167 ab
643 3100 705 3168 hac
727 3100 869 3168 editione
891 3100 982 3167 nolui
1005 3113 1102 3189 utque
1117 3099 1199 3168 haec
1214 3101 1390 3189 praecipua
1405 3101 1549 3167 enotavi:

519 3209 547 3272 l.
573 3207 631 3293 Pg.
659 3208 722 3273 134
744 3229 790 3296 sq.
813 3208 970 3295 repetitur
991 3229 1034 3272 ex
1057 3206 1179 3295 publici
1204 3207 1296 3294 regni
1325 3205 1432 3293 poloni
1456 3206 1550 3273 tabu·

410 3309 485 3377 larii
507 3311 624 3378 litteris
646 3312 814 3402 (metryka
835 3312 918 3398 kor.)
940 3313 1143 3402 Sigismuudi
1160 3313 1301 3402 Augusti
1327 3313 1414 3398 regis
1437 3310 1551 3378 decre-

411 3428 497 3502 tum,
526 3417 681 3485 Grodnae
710 3417 764 3485 die
789 3422 832 3484 10
854 3421 975 3484 mensis
1001 3421 1132 3506 augusti
1163 3442 1192 3484 a
1218 3417 1458 3502 lectitatum,
1485 3440 1550 3504 quo

409 3521 524 3611 Royaii
547 3521 744 3610 stipendium
767 3544 913 3588 annuum
940 3523 1193 3611 quingentorum
1221 3523 1434 3607 florenorum,
1464 3520 1549 3609 qnod

409 3636 504 3694 antea
519 3649 562 3695 ex
573 3626 752 3695 salinarum
764 3627 1000 3696 Vielicensium
1018 3629 1124 3696 reditu
1142 3630 1382 3715 numerabatur,
1399 3628 1551 3696 thesauro

410 3736 520 3803 curiae
542 3737 652 3824 regiae
674 3735 868 3804 solvendum
884 3736 1091 3805 adtribuitur.
1115 3739 1253 3805 Factum
1273 3738 1306 3804 id
1322 3759 1395 3805 essa
1410 3735 1552 3804 traditur

411 3867 452 3912 ex
475 3845 679 3912 comitiorum
704 3848 796 3935 regni
819 3847 911 3934 scito,
933 3871 998 3935 quo
1020 3848 1144 3934 omnia,
1166 3847 1285 3936 quibus
1307 3844 1387 3913 iude
1409 3845 1450 3912 ab
1474 3843 1551 3910 Ale-

411 3953 537 4020 xaudro
559 3976 636 4043 rege
659 3964 773 4022 eontra
794 3953 884 4043 leges
907 3955 1087 4021 unliumum
1111 3953 1236 4021 reditus
1259 3963 1480 4039 onerarentur,
1507 3951 1550 4018 ad

410 4060 475 4128 alia
490 4061 665 4150 vectigalia
680 4062 850 4129 transferri
865 4061 1049 4151 placuisset.
1072 4063 1147 4143 Quo
1168 4061 1255 4149 regis
1275 4059 1405 4128 decreto
1421 4059 1551 4148 cognito

410 4189 486 4234 cum
508 4167 623 4260 Roynii
646 4168 808 4258 querellas
830 4181 919 4237 certo
934 4171 1081 4257 iustoque
1097 4168 1310 4235 fundamento
1326 4189 1390 4233 non
1407 4167 1551 4234 ceruleae

409 4286 573 4364 appareat,
603 4274 637 4341 id
661 4285 770 4344 umen
792 4276 980 4343 etiamnunc
1003 4299 1068 4342 uon
1093 4275 1208 4366 liquet,
1230 4297 1295 4364 qua
1319 4274 1451 4360 ratione,
1474 4297 1550 4341 cum

408 4404 467 4449 rex
490 4383 611 4451 diserte
634 4384 864 4473 praecepisset,
894 4394 930 4450 ut
959 4385 1083 4474 Roynio
1115 4407 1248 4472 usque
1279 4382 1328 4449 ad
1359 4390 1551 4449 extrema

407 4489 504 4557 eius
527 4491 647 4557 vitae
674 4500 865 4579 tempora
891 4513 911 4556 a
934 4489 1137 4558 thesaurario
1160 4491 1250 4577 regni
1275 4490 1386 4556 curiae
1408 4487 1470 4554 hoc
1493 4509 1551 4554 an-

405 4618 508 4662 nuum
530 4596 729 4685 stipendium
751 4596 890 4686 siugulis
912 4598 1007 4663 annis
1021 4599 1188 4686 quaternis
1204 4597 1316 4684 aequis
1335 4593 1548 4684 portionibus,

409 4718 489 4772 nou
527 4703 803 4790 exspectatis
841 4725 1020 4790 uuquam
1056 4701 1160 4770 aliis
1198 4703 1339 4790 ipsius
1373 4699 1551 4786 litteris,

410 4808 502 4874 sine
526 4806 616 4874 ulla
638 4807 919 4876 difficultate
942 4806 1190 4897 persolveretur,
1215 4831 1266 4875 res
1289 4804 1552 4894 eodcductasit,
