4109 5767
930 783 1086 819 ΡΙΑΙῚΔΊῚΟ.

433 998 471 1041 se
494 975 609 1043 classis
636 973 756 1041 iudicis
787 994 921 1039 munere
952 972 1173 1061 abdicaverit,
1203 996 1261 1041 rex
1292 995 1370 1039 vero
1400 972 1579 1039 classiariis

436 1083 517 1149 urbe
532 1081 747 1150 interdixerit.
763 1079 860 1163 Quod
872 1080 1083 1147 interdictum
1100 1102 1175 1147 cum
1191 1078 1402 1147 nihilominus
1417 1079 1579 1147 classiarii

429 1190 653 1278 neglegerent,
676 1189 835 1257 seditione
858 1187 987 1256 Gedeni
1011 1198 1121 1255 coorta
1143 1186 1282 1277 populus
1301 1188 1337 1254 vi
1353 1187 1505 1255 undecim
1521 1185 1580 1255 ho-

437 1298 540 1364 miues
563 1320 605 1364 ex
628 1296 733 1365 classe
756 1297 847 1385 regia
870 1296 1028 1384 corripuit
1050 1296 1222 1384 capitaque
1243 1296 1277 1361 in
1293 1297 1364 1384 ipsa
1379 1295 1471 1362 urbis
1486 1304 1580 1383 porte

436 1403 667 1471 decollatorum
692 1404 856 1491 stipitibus
880 1403 982 1467 infixe
1006 1404 1039 1466 in
1063 1404 1171 1469 littore
1189 1404 1348 1490 exposuit.
1370 1404 1459 1484 Quin
1479 1402 1580 1489 portis

437 1511 558 1578 clenni
581 1510 646 1577 tela
668 1532 709 1576 ex
734 1508 979 1597 propugnaculo
1003 1508 1093 1575 urbis
1116 1509 1150 1573 in
1167 1509 1273 1595 regias
1289 1530 1391 1575 neves
1407 1507 1581 1575 mitteban-

437 1630 498 1685 tur.
535 1618 628 1700 Qunc
655 1640 707 1685 res
731 1619 846 1685 rnoritu
877 1617 988 1683 unitam
1020 1616 1106 1704 ragis
1136 1617 1280 1682 animum
1311 1616 1455 1683 offendit.
1493 1616 1579 1683 Nam

436 1750 630 1817 ιμιιιιιιιμιιιιιι
655 1726 813 1793 classiarii
834 1726 990 1793 lasciviae
1005 1725 1150 1815 laeaiqua
1165 1726 1245 1813 regii
1263 1724 1426 1793 interdicti
1443 1725 1581 1792 crimina

438 1834 564 1903 absolvi
588 1859 652 1902 uon
676 1845 833 1923 poterant,
857 1835 1037 1923 classisque
1058 1834 1115 1901 illa
1137 1835 1229 1922 regia
1250 1844 1347 1902 antee
1368 1835 1410 1903 ab
1432 1833 1580 1901 hostibus

314 1990 320 2001 ·
438 1952 566 2008 vastata
587 1944 652 2007 iam
676 1952 747 2007 tum
769 1942 840 2029 ipsa
863 1940 952 2006 haud
975 1940 1087 2029 procul
1112 1942 1225 2007 aberat
1247 1940 1290 2007 ab
1305 1942 1448 2026 interitu,
1471 1950 1580 2007 temen

438 2048 479 2113 ab
504 2048 583 2113 urbe
605 2048 692 2134 regis
716 2046 852 2133 imperio
874 2046 1015 2112 obnoxia
1039 2046 1163 2133 regiam
1186 2044 1325 2132 classem
1347 2044 1506 2111 hostiliter
1525 2044 1583 2111 de·

438 2152 507 2237 leri,
531 2151 636 2219 scelus
660 2153 781 2218 maiore
805 2174 907 2241 poene
930 2151 1128 2239 expiandum
1153 2149 1336 2218 videbatur.
1366 2151 1480 2239 Neque
1502 2174 1582 2217 vero

433 2270 506 2325 tum
531 2260 672 2347 primurn
696 2257 870 2326 (ledanum
894 2258 1020 2348 imperii
1045 2257 1153 2346 poloni
1169 2259 1242 2325 iura
1258 2257 1359 2342 laesit,
1381 2280 1478 2347 saepe
1493 2258 1580 2324 anim

438 2368 534 2433 urbes
551 2368 703 2433 Prassiae
718 2365 800 2432 meri
816 2365 1002 2433 adiacentes
1017 2365 1198 2454 opibusque
1213 2366 1315 2433 fretae
1330 2365 1466 2431 solutius
1482 2389 1579 2454 quam

436 2496 495 2561 pro
525 2472 771 2539 condicionibus
802 2494 823 2537 a
844 2473 1004 2541 Oasimiro
1034 2471 1238 2559 Iegellonida
1268 2471 1432 2559 quondam
1464 2480 1580 2559 sponte

432 2580 580 2665 acceptis
602 2579 743 2665 egebant
765 2578 1012 2665 libertatemque
1028 2579 1233 2644 affectabant.
1256 2578 1362 2663 Quod,
1378 2600 1454 2643 cum
1469 2600 1489 2641 a
1504 2600 1582 2664 rege

437 2684 594 2771 regnique
616 2684 786 2749 ordinibus
809 2695 879 2750 tum
900 2683 1007 2770 ipsum
1022 2684 1057 2748 id
1074 2684 1248 2771 praecipue
1265 2694 1425 2769 ageretur,
1448 2693 1485 2748 ut
1501 2682 1582 2770 legi·

438 2788 499 2855 bus
522 2790 685 2877 prioribus
709 2789 885 2854 auctoritas
909 2788 1024 2875 visque
1047 2789 1272 2854 restitueretur
1293 2788 1466 2875 legumque
1481 2810 1584 2854 uora-

439 2916 512 2960 rum
535 2895 658 2961 auxilio
681 2894 830 2961 diversae
854 2895 946 2982 regni
972 2904 1078 2981 purten
1101 2894 1134 2958 in
1160 2916 1260 2959 unum
1284 2915 1402 2983 corpus
1422 2892 1583 2961 coalesca-

441 3013 521 3090 rent,
544 3002 667 3069 diutius
690 3000 893 3069 tolerandum
918 3024 981 3067 non
1006 3000 1190 3067 videbatur.

545 3112 660 3200 Itaque
690 3112 754 3177 iam
787 3134 815 3177 a.
840 3113 925 3177 1567
952 3108 1073 3199 placuit
1103 3110 1187 3177 mitti
1219 3110 1262 3176 ad
1294 3108 1390 3177 urbes
1422 3109 1582 3195 l‘russies,

440 3218 600 3307 imprimis
624 3218 800 3305 Illbingem
823 3227 920 3305 atque
943 3216 1125 3302 Gadauam,
1149 3217 1353 3304 legationem,
1376 3238 1458 3305 quae
1480 3216 1584 3305 impe-

437 3327 524 3393 rium
546 3325 763 3393 detrectantes
794 3324 835 3390 ad
868 3324 965 3391 lidum
989 3323 1185 3391 servandam
1209 3324 1356 3412 adigeret
1378 3324 1581 3391 accuratius-

440 3455 504 3519 que
526 3432 657 3519 singula
678 3434 747 3520 regi
771 3434 883 3519 reique
906 3431 1058 3519 publicae
1081 3430 1278 3518 praestanda
1300 3431 1457 3497 deliniret
1488 3430 1583 3510 Quae

436 3538 518 3603 dum
542 3550 708 3625 parantur,
739 3538 877 3605 classem
905 3540 1026 3624 regiam
1054 3548 1211 3602 vastatam
1236 3559 1308 3604 esse
1337 3535 1585 3604 eGedanensi·

441 3646 501 3711 bus
532 3644 667 3710 allatum
698 3656 764 3729 est,
794 3668 896 3733 eaque
927 3644 991 3710 luit
1020 3666 1123 3710 cause
1145 3643 1377 3709 accelerandae
1402 3642 1584 3729 legationis.

441 3753 561 3818 hluuus
584 3751 727 3819 delatura
751 3762 801 3819 est
823 3751 864 3817 ad
888 3752 1031 3840 quinque
1054 3750 1147 3839 regni
1167 3760 1339 3835 senatores,
1362 3758 1515 3837 quattuor
1530 3773 1585 3817 ce·

441 3858 596 3925 atellanos
618 3858 914 3945 Garncoviumque,
945 3858 1133 3945 episcopum
1165 3857 1398 3938 cuiaviensem,
1430 3856 1584 3944 legationi

443 3964 653 4053 preelectum,
675 3964 709 4029 iu
733 3966 827 4031 cuius
851 3960 992 4031 dioecesi
1015 3963 1188 4030 Gedenum
1205 3965 1304 4027 situm
1319 3962 1456 4029 Lutheri
1473 3974 1583 4029 tamen

443 4072 597 4159 dogmate
619 4071 814 4159 sequebatur
829 4072 1117 4158 auctoritatemque
1132 4071 1274 4160 episcopi
1291 4068 1472 4157 respuebat
1495 4070 1585 4160 Roy-

442 4179 519 4265 aius,
551 4188 660 4267 utpote
693 4201 801 4245 rerum
832 4180 1051 4267 prussieerum
1084 4178 1207 4266 peritus
1235 4176 1438 4243 consiliarius
1465 4177 1584 4263 regiae,

440 4280 624 4355 Oarncovio
643 4286 774 4351 additus
790 4296 848 4370 est,
871 4308 973 4373 eaque
989 4285 1193 4373 potissimum
1209 4283 1340 4350 videtur
1356 4283 1459 4350 laissa
1474 4306 1584 4370 masa,

442 4414 501 4460 our
524 4394 589 4459 iarn
612 4402 687 4460 ante
707 4391 904 4481 legationem
935 4402 1118 4481 susceptam
1143 4391 1334 4458 Volborium
1366 4391 1407 4458 ad
1439 4392 1585 4460 Oarnco·

441 4502 549 4587 vium,
572 4484 730 4590 utsupra
753 4500 879 4588 monui,
909 4502 1177 4592 proficisceretur.
1216 4500 1352 4589 legatio
1375 4510 1532 4566 autumno
1555 4520 1585 4564 a.

444 4609 529 4675 1568
553 4608 716 4676 Varsovia
746 4632 766 4675 a
796 4610 883 4696 regis
906 4608 1006 4675 latere
1030 4611 1092 4674 iter
1112 4609 1264 4703 ingressa
1287 4616 1352 4691 cst,
1382 4606 1485 4694 quod,
1513 4628 1585 4672 see-

443 4714 551 4781 tieute
573 4737 611 4781 ao
633 4726 776 4805 tempore
791 4715 825 4780 iu
841 4714 990 4781 litoribus
1005 4714 1156 4780 Vistulae
1171 4723 1270 4801 peste,
1292 4712 1495 4780 (larucovius
1508 4730 1584 4777 cum

439 4820 564 4912 Royaio
587 4822 665 4886 navi
688 4820 831 4887 secundo
854 4820 987 4886 flamine
1010 4820 1154 4886 saciabat
1176 4820 1215 4905 (Ι,
1239 4820 1436 4902 arr-274).
1468 4816 1586 4883 Elbiu-
