4109 5767
979 779 1055 815 mal
1071 780 1169 817 ΙΟΥΙΙΙ.

502 752 567 819 136

819 1067 859 1131 In
882 1070 1023 1132 navem¹
1048 1064 1322 1134 LASOANAM'.

1050 1191 1091 1258 V.

606 1315 708 1383 Arma
732 1327 789 1384 tua
811 1326 908 1406 atque
931 1328 1024 1383 tuum
1048 1326 1182 1406 experto
1212 1329 1262 1384 est
1291 1316 1457 1386 Moldavio
1485 1327 1645 1408 marrow,

661 1424 722 1492 Oui
745 1426 830 1515 potis
851 1448 887 1492 es
910 1424 1059 1492 dominos
1082 1436 1114 1492 et
1138 1424 1216 1492 dare
1239 1435 1271 1492 et
1292 1426 1426 1514 eripere.

605 1529 822 1621 Regnatorem
843 1534 953 1620 Asiae
976 1533 1090 1620 Lause
1114 1544 1150 1599 ut
1172 1532 1270 1599 modo
1293 1533 1426 1620 fuderis,
1448 1543 1555 1600 exstat

658 1640 765 1708 ‘lestis
787 1641 938 1730 podolius
961 1641 1122 1730 sanguine
1145 1643 1276 1731 pinguis
1300 1647 1410 1730 ager‘.
1435 1721 1438 1728 ⁴

548 1767 574 1812 s.
604 1747 645 1813 In
668 1771 758 1814 mare
779 1747 960 1815 velivolum
984 1760 1041 1815 tue
1063 1760 1096 1815 te
1118 1758 1216 1815 voest
1239 1749 1353 1816 inolita
1376 1749 1479 1836 nevis,

658 1855 775 1944 Ireque
798 1855 942 1944 Neptuni
964 1877 1024 1944 per
1046 1854 1134 1922 vada
1157 1854 1245 1922 salsa
1267 1857 1365 1923 iubet.

606 1961 697 2029 Iuler
719 1964 814 2050 sigua
835 1963 920 2028 muri
943 1963 1104 2049 vietrieia,
1126 1985 1225 2051 perge
1247 1986 1306 2052 per
1329 1964 1430 2031 altum

659 2069 792 2136 Addere
814 2069 997 2138 Sarmatiae
1019 2091 1121 2156 regna
1145 2068 1283 2136 subueta
1305 2081 1389 2137 tuae.

603 2175 716 2261 Navis,
739 2176 852 2263 Lusor„
876 2176 991 2243 volans
1014 2188 1080 2260 tua,
1104 2177 1211 2243 ventis
1235 2187 1308 2242 aete
1328 2175 1491 2262 secundis,

526 2303 574 2348 ro.
660 2282 828 2350 Viotorem
851 2292 938 2348 terra
960 2293 994 2348 te
1016 2283 1095 2347 satis
1119 2304 1190 2348 esse
1212 2293 1318 2370 negat

1042 2475 1101 2542 Vl.

603 2601 758 2670 Deleotos
780 2601 904 2691 heroes,
927 2625 971 2668 au
994 2624 1038 2690 es,
1062 2625 1145 2691 quoe
1169 2611 1314 2690 vexerat,
1337 2603 1436 2691 Argo,

658 2711 721 2779 cui
743 2710 908 2798 quondum
931 2709 1027 2798 pellis
1051 2732 1150 2776 aurea
1173 2709 1294 2799 praeda
1318 2709 1403 2778 fuit?

603 2819 687 2884 Nou.
710 2816 811 2884 Haud
833 2817 892 2883 illa
914 2840 985 2884 meo
1009 2818 1116 2884 Lasoo
1139 2827 1216 2884 suut
1238 2804 1383 2906 praemia
1406 2839 1516 2884 ouraez

658 2924 742 2993 Sunt
764 2925 844 2990 mihi
868 2923 991 3013 praeda
1014 2925 1087 3010 viri,
1112 2934 1189 2989 suut
1211 2923 1291 2988 mihi
1315 2922 1436 3012 praeda
1459 2923 1568 2990 duces.

1029 3117 1105 3182 VII.

835 3245 971 3307 aenigma
990 3245 1020 3293 lu
1038 3245 1156 3294 eandem
1174 3239 1302 3294 neveru‘.

604 3348 691 3415 Filia
713 3371 786 3415 sum
808 3349 960 3435 nemoris,
983 3346 1071 3437 quod
1094 3349 1218 3416 vertice
1240 3347 1349 3416 sidera
1372 3347 1488 3438 pulsat,

603 3456 789 3523 Roboribus
811 3479 949 3545 surgens
973 3456 1105 3540 velidis3
1130 3479 1182 3524 me
1204 3456 1346 3546 plurima
1368 3469 1471 3524 mater

604 3564 692 3631 Alvo
714 3565 887 3654 progenuit
909 3575 1009 3651 secta,
1033 3566 1165 3652 vitaque
1188 3567 1334 3649 recessit3

604 3670 680 3751 Qua
702 3673 781 3737 viva
803 3693 927 3758 nequeo
950 3693 1128 3758 superesse,
1151 3681 1183 3737 et
1207 3694 1341 3758 surgere
1364 3672 1398 3737 in
1421 3693 1528 3737 auras.

545 3799 572 3843 s.
603 3776 689 3843 Nata
714 3777 827 3864 „vale“
852 3778 937 3865 patri
960 3777 1044 3864 dieo,
1068 3778 1226 3865 terrisque
1248 3777 1371 3844 relictis

603 3883 644 3949 In
667 3906 757 3950 mare
780 3882 960 3950 velivolum
983 3906 1120 3972 propero
1144 3906 1339 3972 camposque
1361 3883 1530 3971 liquentes.

605 3991 678 4071 Quo
700 3990 805 4078 pulsa,
828 3989 949 4056 Aeolia
965 3991 1065 4056 exciti
1089 3992 1152 4056 nisi
1176 4000 1268 4078 tergo
1291 3990 1437 4058 volentos

603 4097 723 4161 Nostra
746 4098 834 4162 aient
857 4097 983 4181 fratres,
1007 4107 1056 4160 sto
1079 4097 1226 4179 irumota;
1250 4096 1412 4162 cientibus
1435 4095 1501 4162 illis

501 4249 706 4258 --—-——

606 4318 615 4346 ¹
635 4318 726 4369 Korab
745 4317 844 4383 (navis)
861 4325 921 4370 erat
939 4327 1054 4370 summa
1073 4321 1160 4371 lausei.

605 4406 762 4460 Ὀιηῐιὶιη
780 4410 818 4461 1v
836 4416 863 4461 el
883 4410 906 4461 V
925 4416 1033 4462 exuunt
1053 4410 1080 4460 iu
1100 4427 1171 4462 eoru.
1192 4427 1235 4478 [ις.
1255 4408 1316 4464 324.
1336 4410 1364 4462 ia
1383 4427 1434 4462 oss.
1454 4426 1498 4478 ρος.
1518 4409 1579 4464 237.

605 4497 762 4551 'libertus
786 4500 870 4550 Leski
897 4501 1032 4567 superaris
1060 4516 1083 4552 a.
1116 4500 1183 4554 1561
1211 4501 1391 4553 Vulaohorunr
1419 4501 1504 4568 copiis
1532 4515 1642 4570 regnum

497 4590 649 4645 lloldaviaa
668 4591 766 4644 laoobo
785 4591 901 4643 Busilieo
921 4591 1083 4644 lleruolidae
1102 4594 1269 4660 cornpuruvit
1294 4592 1328 4643 ub
1350 4608 1434 4660 eoquo
1453 4591 1565 4660 praemii
1585 4591 1641 4644 loeo

497 4679 650 4734 districtum
667 4681 863 4734 ehooirueosern
881 4699 942 4734 eum
962 4698 1025 4734 aree
1044 4685 1157 4750 aceepit.

603 4771 615 4802 ⁴
633 4773 707 4824 Idam
725 4789 750 4825 a.
770 4770 841 4826 1568
859 4773 999 4826 victorium
1018 4775 1051 4824 do
1070 4775 1190 4826 'lurtoris
1210 4775 1237 4826 in
1256 4775 1367 4826 l'odolla
1385 4774 1541 4842 reportavit.

604 4859 711 4914 ‘eom
731 4861 785 4914 324
803 4879 842 4928 sq.
866 4885 890 4907 ι
914 4880 965 4914 oss.
985 4863 1137 4917 237-239.
