4109 5767
764 984 848 1052 Cum
872 1007 933 1049 suu
956 983 1168 1051 Sauromatae
1190 985 1327 1049 veniunt
1349 984 1392 1048 ud
1415 984 1553 1072 prandia
1575 983 1661 1068 laeti,

673 1091 757 1159 cum
780 1093 895 1180 primis
917 1091 1023 1180 epulis
1046 1091 1207 1157 cerealia¹
1230 1091 1347 1179 pocula
1370 1093 1511 1179 primum

594 1223 639 1264 ro.
669 1200 841 1265 Ponuntur
863 1223 985 1284 mensu,
1008 1199 1203 1289 cyathorum
1225 1199 1387 1288 plurimus
1408 1199 1497 1284 orde,

673 1307 800 1397 Cuique
822 1333 902 1375 suus
924 1321 1049 1393 contai,
1070 1308 1291 1396 dextrasque²
1311 1320 1480 1396 exspectat
1501 1331 1628 1392 avaras,

673 1413 932 1505 Surgentemque
954 1418 1043 1482 sitim
1065 1417 1333 1505 stomachumque
1354 1416 1463 1482 calore
1484 1419 1633 1483 cientem

762 1524 886 1589 Pocula
908 1525 1046 1612 quisque
1067 1549 1168 1588 manu
1190 1526 1298 1611 prima
1318 1525 1404 1589 inter
1425 1524 1551 1590 fercula
1573 1535 1688 1611 raptet

673 1629 798 1696 Pocula
819 1653 903 1719 quae
926 1633 1048 1718 primos
1070 1633 1274 1717 ruetinguant
1297 1632 1403 1718 prim
1423 1630 1558 1714 calores

518 1799 522 1810 ,
595 1760 640 1803 ra.
670 1737 895 1826 Ardoremque
917 1740 989 1804 sitis
1013 1739 1142 1805 frenent
1164 1739 1326 1805 venientis
1348 1738 1511 1804 anhelum

673 1846 818 1914 invitare
841 1847 934 1914 nosris
956 1871 1161 1937 qucuupmm,
1185 1887 1225 1897 —
1250 1848 1390 1914 invitare
1411 1847 1556 1914 vicissim

673 1955 879 2044 Quamquam
903 1981 973 2023 mos
995 1959 1102 2045 gentis
1124 1959 1261 2046 priscus,
1276 1980 1413 2023 —cnm
1434 1955 1552 2044 poeula
1574 1965 1708 2020 sumunt

672 2063 796 2130 Prima:
819 2066 907 2130 sitim
928 2077 1009 2131 tuuc
1031 2067 1189 2153 quisque⁸
1209 2088 1304 2130 suam
1325 2063 1424 2146 levet3
1445 2063 1548 2129 altera
1562 2061 1708 2128 sedoum

673 2170 825 2236 Tertiare
847 2173 1023 2258 accipiunt,
1045 2173 1194 2258 quemvis
1216 2171 1258 2235 sd
1282 2171 1400 2258 poeula
1422 2170 1474 2235 faa
1494 2181 1544 2234 est

592 2299 641 2341 ao.
670 2277 811 2342 Poscere
833 2289 866 2342 et
888 2290 1016 2343 ostenso
1039 2277 1163 2342 bellum
1185 2277 1233 2340 illi
1256 2276 1402 2342 indicere
1423 2279 1521 2340 vitro:

674 2381 801 2447 Bellum
824 2381 930 2468 dulce,
953 2383 1018 2446 illis
1040 2394 1074 2447 et
1096 2405 1161 2447 non
1184 2382 1360 2446 inamabile
1381 2383 1486 2446 terris

750 2488 829 2570 -Qui
853 2489 979 2574 invitat,
1004 2528 1044 2537 -
1069 2511 1140 2552 moe
1161 2501 1211 2553 est
1233 2487 1345 2553 multis
1372 2499 1521 2552 servatus
1547 2485 1588 2549 ab
1611 2485 1707 2549 anuis

674 2593 836 2663 Sarmatia
859 2596 893 2661 in
917 2618 1046 2684 magna,
1068 2635 1113 2644 -
1135 2617 1232 2682 quem
1254 2596 1381 2680 invitat,
1403 2592 1500 2661 dulce
1521 2593 1641 2658 ailutut

673 2705 788 2794 Seque,
812 2728 908 2770 suum
931 2705 1077 2771 officium
1100 2705 1129 2770 si
1151 2704 1282 2792 quando
1304 2704 1472 2792 optaverit,
1495 2704 1597 2768 offert

591 2833 641 2877 au.
672 2812 802 2878 Deinde
824 2814 916 2899 bibit,
939 2813 1060 2903 cyatho
1082 2825 1114 2879 et
1136 2814 1324 2901 penitusue
1346 2812 1467 2900 proluit
1488 2810 1567 2890 alto;

674 2919 936 3006 Ostensumque⁴
959 2919 1016 3005 illi,
1039 2943 1136 3006 quom
1159 2919 1245 2984 laeta
1267 2918 1309 2983 ad
1332 2918 1450 3005 poeula
1471 2919 1585 3004 poscit,

673 3024 826 3090 Protinus
849 3027 1015 3112 accipiunt
1039 3025 1164 3111 famuli,
1185 3048 1269 3113 quae
1291 3025 1432 3112 plurima
1451 3024 1548 3088 turha

674 3131 745 3196 Stat
768 3132 892 3196 circum
917 3131 1061 3218 talesque
1084 3131 1198 3196 volana
1222 3131 1364 3196 deservit
1386 3130 1450 3195 ad‘
1472 3151 1560 3212 usus,
1581 3165 1627 3176 —

673 3236 717 3300 Et
739 3236 941 3322 referunt-
951 3259 1042 3301 mora
1063 3235 1338 3321 nulla-vneent
1357 3258 1398 3301 ne
1413 3234 1544 3321 gandia,
1566 3234 1708 3320 plenum

592 3364 639 3408 uo.
672 3343 803 3431 Accipit
825 3343 936 3410 honac
958 3344 1083 3429 dextra,
1105 3342 1202 3408 moda
1224 3343 1281 3429 qui
1303 3342 1467 3428 invitarat,
1489 3353 1600 3429 ayrerto

676 3451 717 3518 llt
740 3453 847 3542 cupite
870 3475 1045 3541 assurgens
1068 3452 1211 3542 speranti
1235 3451 1368 3542 praebet
1390 3451 1504 3518 aemio).

674 3561 734 3629 Ille
757 3573 866 3629 autem
889 3562 993 3630 laetus
1016 3562 1139 3630 nudato
1161 3563 1284 3629 vertice
1306 3561 1406 3628 sumit

674 3671 864 3738 Porrectum
886 3672 1053 3763 cyathum,
1075 3673 1164 3738 dieta
1186 3683 1219 3738 et
1241 3671 1283 3737 de
1305 3694 1394 3737 more
1416 3669 1520 3737 salute
1528 3673 1548 3756 ²,

675 3777 736 3844 Oui
760 3779 916 3868 placitum
939 3791 989 3846 est
1012 3780 1078 3865 alii,
1101 3780 1186 3845 votis
1208 3779 1382 3867 respondet
1403 3778 1510 3862 amici,

593 3906 641 3949 au.
673 3883 885 3972 Spumantem
908 3898 940 3952 et
962 3895 1107 3973 pateram
1132 3884 1272 3950 fundum
1296 3885 1440 3950 desiccat
1462 3883 1504 3948 ad
1528 3883 1630 3947 imum

675 3991 827 4079 Impiger,
850 3991 1054 4079 ostenditque
1077 3991 1183 4057 solum
1206 3991 1412 4080 laquearibus
1435 3989 1518 4055 ultis.

674 4098 716 4162 Ni
741 4099 840 4164 saciat
863 4098 920 4164 tali
944 4101 1061 4186 speeie,
1084 4109 1264 4164 commotus
1288 4098 1413 4164 anricus

568 4265 775 4276 —n———u

675 4331 684 4361 ¹
709 4355 732 4376 ι
757 4333 905 4398 splendida,
925 4350 1025 4400 nruguu
1043 4336 1185 4398 (Plautus).

675 4417 686 4448 ¹
704 4419 761 4472 cod.
781 4436 856 4473 uuvr.
878 4421 1028 4484 „doxtrus“.

674 4507 759 4560 'cod
780 4526 856 4561 narr.
878 4515 1023 4577 „quoque“.

675 4597 740 4650 ‘sc
762 4598 897 4664 cyathum.

674 4687 760 4741 ‘cod
781 4704 855 4739 uem.
878 4689 954 4754 „ub“.

674 4777 760 4831 leod.
782 4794 857 4830 narr.
880 4778 983 4844 „hulc“.

676 4865 684 4897 ²
702 4867 759 4920 eod.
782 4884 856 4918 nuvr.
878 4868 946 4918 sulae
966 4869 1056 4932 „dictu
1074 4877 1101 4920 et
1120 4885 1192 4919 more
1211 4868 1338 4919 salutat⁴.
