4109 5767
577 842 612 877 na
630 841 724 879 arras.
744 841 899 878 ιιιιιιιιιιυιι
916 841 1068 877 ιιιιιιιιιιιιιι
1086 843 1107 877 ιι
1127 844 1160 878 ιι
1178 836 1359 879 cassamus.
1498 825 1550 901 69

506 1032 719 1100 circumdant
740 1032 826 1098 latus
849 1034 1001 1119 Augusti,
1022 1035 1219 1121 propiusque
1241 1035 1344 1101 secuti
1405 1050 1408 1059 ’

506 1137 634 1203 Murice
656 1136 826 1223 fulgebant
849 1159 983 1203 sarrano
1006 1160 1149 1226 auroque
1171 1138 1344 1205 micabant.

597 1238 685 1308 Ecca
707 1252 816 1307 sutem
839 1242 981 1329 octiiugo
1003 1242 1116 1309 Balice
1138 1242 1315 1311 (iatharina
1337 1244 1451 1310 relicta

508 1347 614 1413 Vecta
636 1346 748 1413 aderat
771 1369 868 1413 curru
892 1348 1085 1435 propiorque
1107 1359 1297 1435 accesserat,
1320 1348 1386 1413 alta
1446 1352 1449 1359 '

464 1502 472 1517 .
506 1451 601 1519 Stant
624 1450 679 1517 ubi
702 1460 788 1517 tacta
811 1460 897 1517 ostro
920 1452 1027 1517 medio
1050 1453 1188 1519 tentoria
1211 1476 1334 1541 campe.

508 1557 582 1623 Rex
605 1567 640 1623 ut
663 1557 832 1645 conspexit
854 1557 1039 1625 venientem
1062 1568 1094 1624 et
1110 1558 1201 1625 'laetu
1224 1570 1422 1648 prementem

509 1665 601 1730 Arva
622 1664 737 1753 gradu,
759 1664 875 1732 obtutu
898 1676 987 1731 stans
1010 1666 1137 1733 eminus
1161 1666 1265 1734 haesit
1287 1668 1322 1733 in
1345 1690 1419 1755 uno,

508 1772 662 1838 Protinus
685 1783 717 1840 et
739 1783 805 1839 toto
829 1774 977 1861 concepit
999 1784 1129 1861 pectore
1152 1774 1316 1840 flammam

410 1936 413 1942 ,
510 1878 703 1966 Flagrantss
726 1901 863 1965 sponsae
885 1878 995 1944 vultus
1018 1888 1116 1965 atque
1138 1901 1195 1944 ora
1217 1878 1346 1946 tuendo.

469 2033 476 2049 .
509 1983 682 2051 Accedunt
705 1984 909 2071 iunguntque
931 2007 1048 2050 manus
1070 1995 1102 2050 et
1125 1984 1239 2051 foedus
1263 1984 1390 2052 amoris.

600 2091 732 2176 Hieta,
755 2090 921 2157 Prersmbi
933 2094 953 2178 ¹,
975 2092 1084 2157 iussus
1107 2091 1191 2157 laeto
1214 2091 1331 2180 incipis
1354 2113 1418 2178 ore,

512 2196 555 2262 m
578 2196 678 2263 fando
701 2197 787 2285 regis
802 2205 999 2285 conceptam
1023 2206 1152 2285 pectore
1175 2219 1288 2266 narras

512 2305 697 2371 Laetitiam:
720 2328 858 2393 sponsae
880 2304 1024 2371 adventu
1049 2305 1094 2370 nil
1118 2305 1226 2371 carius
1249 2304 1306 2390 illi,
1359 2360 1362 2367 .

511 2412 567 2477 Nil
589 2413 695 2500 magis
717 2421 872 2500 optatum,
894 2411 940 2476 nil
963 2420 1106 2499 tempore
1129 2411 1245 2479 laetius
1268 2410 1335 2478 ullo

471 2569 479 2584 .
513 2520 581 2585 Aut
604 2518 761 2585 cecidisse
785 2518 863 2584 olim
885 2528 942 2583 sut
964 2518 1128 2605 quondam
1151 2519 1338 2606 contingere
1360 2540 1462 2606 posse.

513 2624 694 2692 Sarmatiae
716 2624 797 2689 dum
817 2648 871 2691 res
894 2623 992 2689 stabit
1015 2646 1197 2712 nomenque
1219 2624 1388 2710 Polonum‚

513 2730 576 2795 llla
598 2730 668 2795 dies
691 2731 779 2795 omni
801 2752 928 2817 semper
950 2730 1169 2796 celebrabitur
1190 2752 1271 2795 aevo

513 2836 603 2902 Inter
625 2837 774 2902 fortunae
796 2837 939 2903 melioris
960 2846 1107 2923 tempora
1128 2836 1222 2902 laeta.

515 2941 588 3008 Hoc
610 2963 731 3027 socrus,
753 2941 815 3008 hoc
837 2942 952 3029 glores,
975 2941 1037 3007 hoc
1060 2942 1202 3030 Augusti
1226 2943 1397 3009 comitatus

473 3098 481 3115 .
515 3048 712 3138 ingeminat:
736 3070 850 3139 canipe
873 3049 1001 3115 excitus
1024 3049 1098 3117 serit
1121 3047 1252 3116 actlreru
1274 3048 1405 3117 clarnos.

604 3156 708 3243 Tune,
731 3155 826 3223 celsis
849 3157 1068 3224 Vratislaviae
1090 3157 1145 3245 qui
1165 3156 1330 3245 praesidet
1353 3156 1427 3243 aris,

514 3262 664 3330 Baltasar
686 3264 821 3330 antistes
843 3264 939 3332 docto
960 3264 1194 3331 Prumnicins¹
1215 3286 1271 3331 ore

515 3369 690 3457 Incipiens,
712 3392 826 3457 regum
849 3370 955 3435 fasces
978 3380 1010 3436 et
1033 3379 1161 3457 secptra
1183 3378 1311 3436 vetusta

514 3474 708 3541 Austriacae
730 3474 941 3541 memoranda
962 3474 1079 3540 domus
1102 3473 1264 3559 narrabat,
1286 3483 1319 3539 st
1340 3472 1417 3539 inde

476 3632 483 3646 .
519 3581 715 3669 Pregnatam
737 3582 839 3669 patris
861 3580 1073 3649 catharinam
1096 3580 1226 3646 nomine
1247 3580 1334 3667 regis

516 3688 682 3755 lt'ernsndi
704 3690 854 3776 Augusto
875 3689 946 3775 regi
969 3689 1103 3776 regique
1126 3687 1242 3753 marito

515 3794 636 3862 Oontra
651 3796 752 3879 offert,
774 3793 884 3880 „haec
899 3817 959 3861 aas
973 3795 1131 3883 Auguste,
1147 3793 1227 3859 hacc
1243 3792 1399 3879 scilicet“‚
1415 3792 1549 3879 addens,

520 3900 630 3987 „Ques
652 3910 763 3988 raptae
787 3900 935 3966 lllissbes
959 3902 1027 3966 lata
1049 3902 1222 3965 immatura
1246 3899 1364 3965 sororis

518 4005 679 4073 Sarmatis
702 4008 736 4071 in
759 4027 880 4093 magns
901 4005 1010 4073 luctus
1032 4006 1247 4093 planctusque
1270 4006 1387 4091 cieret,

411 4132 485 4177 seu.
518 4112 754 4199 lugentemque
775 4120 831 4176 tuo
854 4110 998 4176 defixum
1022 4110 1120 4177 corde
1143 4109 1286 4175 dolorem

518 4217 634 4283 Leniat
656 4228 688 4283 et
711 4228 777 4283 toto
799 4218 928 4305 ponitus
950 4215 993 4283 <le
1015 4225 1144 4305 pectore
1167 4214 1265 4281 tollet.

517 4323 658 4390 Mutabit
680 4345 786 4410 curas,
809 4324 1027 4412 nequicquam
1050 4322 1198 4390 Sarmata
1221 4322 1329 4388 tristes

498 4430 664 4498 *Eventus
686 4432 795 4498 animo
817 4452 930 4498 secum
951 4430 1115 4519 reputabit
1139 4452 1258 4496 amara

519 4619 528 4650 ¹
549 4624 661 4675 loannes
682 4622 873 4687 Prrerembakl,
894 4631 950 4675 tum
969 4620 1207 4674 vicecancellarius
1227 4621 1303 4689 regni
1321 4618 1413 4673 Pelen.

519 4708 531 4739 ¹
550 4712 674 4763 Baltasar
694 4712 728 4765 de
749 4712 892 4781 Ιίοιιιιιίιι,
910 4713 1050 4779 episcopua
1069 4709 1289 4762 Vrstislasieasls
1307 4724 1350 4761 ss.
1370 4704 1559 4761 teas-ltus.

520 4796 627 4853 'Ciere
655 4807 697 4851 est
721 4801 877 4868 perlectum.
908 4803 1007 4853 Senam
1035 4799 1079 4850 hic
1108 4806 1163 4852 est:
1194 4798 1262 4850 baec
1279 4792 1450 4866 (eutherius)
1467 4794 1557 4851 luctas

409 4886 597 4957 planctusque,
615 4879 723 4957 quos..)
741 4889 822 4953 ciere,
841 4889 1072 4958 ingentemque...
1093 4888 1183 4941 leniet
1233 4940 1237 4949 ,
