4109 5767
739 775 776 810 sn
794 774 907 810 mwuos
923 773 1073 810 ssusrosss
1090 772 1282 816 unocunque.
1535 754 1581 820 87

547 969 695 1035 Peretitit
716 976 750 1035 et
770 968 921 1034 meritum
945 967 1033 1033 vitos
1056 965 1223 1032 decoravit
1245 965 1409 1033 honorem.

340 1119 343 1123 ›
466 1097 516 1141 se.
546 1074 683 1164 Templa
706 1074 926 1162 frequentavit
947 1095 1011 1140 nou
1037 1072 1218 1139 desidiosus
1241 1083 1273 1139 et
1295 1094 1378 1138 aras.

547 1180 667 1248 Nullus
689 1181 850 1270 persuasit
873 1181 994 1246 ieiunis
1017 1178 1144 1247 solvere
1166 1179 1300 1245 morbus

547 1288 683 1356 Grande
704 1297 775 1355 rato
796 1297 926 1378 potrum
950 1287 1080 1376 placitis
1102 1311 1166 1354 uon
1191 1296 1276 1354 stsre
1298 1285 1465 1368 Quiritum

547 1397 630 1461 Esse
653 1395 746 1462 nefas
769 1404 980 1483 ventremque
1002 1395 1131 1461 animae
1153 1394 1317 1484 praeferre
1339 1392 1447 1460 saluti.

546 1503 602 1568 Ira
623 1501 718 1568 illum
741 1501 769 1567 ei
792 1501 923 1590 quaudo
946 1500 1191 1590 ulciscendique
1213 1500 1315 1568 libido

466 1631 514 1675 so.
545 1609 717 1696 Accendit,
739 1609 853 1698 spatiis
875 1607 964 1674 hand
987 1607 1094 1694 longis
1116 1608 1261 1676 concidit
1282 1609 1397 1695 omnis,

546 1718 704 1806 Antequc,
726 1740 825 1806 quam
848 1717 943 1783 terris
966 1716 1058 1783 veuit
1080 1739 1146 1782 nox
1168 1725 1248 1802 atra
1270 1715 1404 1804 quievit

636 1822 726 1906 Quid
741 1846 916 1890 memorem
927 1845 1046 1890 suaves
1058 1845 1163 1890 mores
1175 1823 1401 1912 placidamque
1412 1831 1581 1890 senectam

545 1931 806 2018 Convictumque
828 1930 893 1996 viri
916 1929 1052 2002 facilem
1070 1929 1266 2019 plenumque
1287 1928 1432 2018 pudore?

545 2036 608 2102 Ille
630 2058 709 2101 suae
731 2057 865 2100 cursum
887 2057 964 2100 cum
987 2057 1241 2101 commemorare
1263 2037 1416 2101 iuventae

464 2164 512 2208 ss.
543 2143 709 2229 Coeperat,
731 2139 926 2230 Italiamque
947 2141 1071 2208 aditam
1093 2163 1292 2230 romanaque
1314 2150 1400 2207 tecta

548 2249 806 2338 Hispaniamque
827 2270 928 2334 orsus,
949 2256 983 2315 ct
1003 2269 1089 2337 qum
1111 2247 1239 2315 moenia
1262 2247 1355 2314 l'ortis
1376 2245 1516 2314 Ulixos¹

543 2355 706 2444 Curididit,
728 2379 768 2424 uc
791 2356 870 2446 qui²
891 2355 967 2422 dein
991 2353 1110 2423 colitur
1133 2379 1203 2422 mos
1225 2354 1401 2444 gentibus⁸
1422 2350 1503 2440 illis..

546 2463 641 2530 Illius
664 2463 793 2531 auditor
815 2463 978 2553 pendebat
999 2464 1041 2530 ob
1064 2487 1120 2532 ore
1143 2463 1312 2553 loquentis.
1457 2454 1460 2463 ’

545 2571 600 2636 Ad
623 2593 772 2660 procerae
794 2569 921 2656 legatus
943 2571 982 2636 iit
1003 2593 1158 2660 pereuepe
1179 2569 1319 2636 Polonos

465 2696 514 2742 so.
543 2678 633 2764 Rege
655 2676 787 2744 iubente
809 2699 877 2763 sno,
900 2676 942 2743 ad
966 2677 1085 2743 durum
1108 2698 1262 2764 persaepe
1284 2676 1458 2759 Livonem;

546 2783 604 2847 Ius
627 2782 712 2848 dixit
734 2782 862 2871 populo,
885 2783 963 2849 insti
985 2781 1151 2849 studiosae
1173 2790 1207 2849 et
1228 2765 1378 2870 seqoi⁴.²

546 2889 619 2954 Non
643 2887 737 2955 illum
759 2888 879 2957 flexere
901 2912 1013 2977 preces
1037 2889 1232 2978 pretiumve;
1255 2885 1453 2976 sequendam

545 2997 628 3062 Esse
650 2995 851 3064 volontatem
875 2996 984 3084 legum
1006 3005 1040 3062 et
1062 2996 1193 3063 decreta
1214 2997 1352 3085 putavit,

545 3104 618 3171 Non
642 3103 729 3193 quod
752 3105 824 3172 eive
846 3104 956 3172 odium
980 3102 1189 3172 malesanavs
1212 3112 1359 3172 suaserat
1380 3103 1441 3190 irs,
1536 3113 1538 3118 '

464 3234 512 3278 ss.
543 3211 616 3279 Nou
640 3212 727 3302 quod
749 3213 926 3296 amicitiam
949 3213 1124 3302 sordesque
1147 3213 1308 3281 facessere
1330 3212 1434 3278 iussit

543 3319 617 3384 Non
640 3318 733 3384 illum
757 3341 929 3408 procerum
952 3330 1126 3387 moverunt
1147 3343 1206 3386 ors
1226 3327 1407 3407 potentum:

545 3425 612 3489 Pur
634 3424 693 3490 illo
715 3425 821 3492 luerat
844 3425 997 3513 locupleti
1020 3427 1130 3494 iudice
1152 3447 1288 3516 psupsr3

544 3528 643 3594 Plebs
664 3540 698 3596 et
720 3531 874 3596 nobilitas
895 3531 938 3598 ad
961 3554 1036 3598 enm
1059 3553 1116 3619 spe
1139 3531 1231 3598 venit
1252 3531 1376 3616 eadem,

544 3633 728 3701 Adsuetum
752 3636 834 3704 bene
856 3660 1051 3726 perpensum
1074 3639 1125 3704 ius
1148 3637 1284 3706 reddere
1306 3638 1433 3725 cuique
1457 3633 1460 3642 ’

462 3761 512 3806 so.
630 3741 767 3810 Talibus
790 3744 924 3811 antistes
947 3745 1071 3812 meritis
1094 3745 1321 3812 Domanovius
1343 3744 1411 3832 egit

543 3847 582 3911 In
606 3849 702 3914 terrie
724 3851 828 3915 vitam
851 3851 1037 3938 famamque
1059 3851 1207 3919 extendit
1229 3852 1264 3915 in
1287 3872 1416 3915 omnem

543 3951 748 4040 Samnium,
771 3964 893 4043 septem
915 3977 981 4044 qua
1002 3954 1170 4022 illustrant
1192 3978 1273 4047 arus
1295 3957 1426 4020 bionee

543 4058 801 4148 Decrepitnsque
824 4084 933 4146 senex,
955 4063 1025 4128 vita
1048 4063 1184 4128 satiatus
1206 4071 1239 4129 et
1261 4062 1366 4147 anuis,

542 4164 704 4253 Excessit,
725 4167 902 4257 positisque
923 4191 1008 4235 cavo
1031 4169 1217 4257 clausisque
1239 4167 1389 4259 sepulcro

435 4317 643 4331 --κ

546 4387 554 4418 ¹
573 4401 630 4441 mr
652 4407 749 4452 ,cornu
770 4392 915 4457 „mim
934 4393 1011 4446 ossol
1033 4395 1188 4460 ,ulysseas
1208 4393 1353 4446 Multarum
1366 4394 1483 4460 urbium,
1499 4407 1578 4461 prse-

436 4477 529 4530 ssrtim
547 4477 699 4532 italicarum
718 4487 800 4549 atque
817 4489 992 4548 strumarum,
1010 4491 1040 4535 ut
1053 4484 1193 4549 dertonae,
1211 4482 1328 4552 orlgluee
1341 4484 1375 4535 ed
1388 4483 1495 4538 Ulixem
1507 4485 1578 4538 sins·

435 4582 488 4635 que
506 4567 576 4620 tilios
594 4570 669 4621 tems
685 4570 829 4624 referebat.

544 4655 632 4710 ’ms..
644 4665 756 4726 „qnso·.

544 4745 621 4799 'ms
643 4749 793 4816 „gendlls⁸.

541 4834 554 4866 ⁴
572 4837 648 4888 eost.
668 4838 757 4890 Deoia.
777 4839 870 4891 lituro.
889 4842 925 4898 lL
943 4839 979 4894 80
997 4859 1035 4908 sq.
