4109 5767
704 748 741 782 AD
759 747 872 783 robono!
889 746 1037 782 numu!
1055 745 1245 788 PROOEMQUE.
1487 705 1548 780 ¹7⁶

921 1045 1038 1112 xrx.1

796 1185 1156 1275 assummum

852 1355 967 1410 ,librum
985 1349 1091 1404 mittit'.

514 1487 531 1552 I
554 1486 645 1572 liber,
668 1487 679 1551 i
703 1507 889 1574 properans,
911 1484 1027 1572 ingena
1052 1507 1124 1550 mea
1146 1506 1234 1568 euru,
1257 1481 1374 1572 polono

568 1594 608 1659 In
631 1592 750 1682 populo
773 1591 906 1658 stabiles
928 1601 961 1658 et
983 1591 1043 1658 tibi
1065 1614 1186 1680 quaere
1208 1589 1329 1657 domos.

514 1701 564 1767 Na
587 1722 666 1766 vero
689 1722 812 1788 pereae,
834 1700 927 1766 tectis
950 1698 1113 1785 exclusus,
1136 1698 1169 1763 in
1193 1698 1290 1786 agris,

569 1807 662 1873 Haeo
684 1829 765 1892 mea,
789 1805 900 1872 dilecti
922 1806 1011 1871 iussa
1034 1806 1185 1894 parentis,
1208 1803 1304 1870 habe:
1344 1851 1346 1856 -

455 1936 483 1979 a.
515 1913 605 1979 Hine
627 1913 685 1978 ubi
707 1911 887 1981 Sarmatiae
910 1911 1029 1977 duetus
1052 1912 1235 2000 pervasoris
1250 1907 1336 1994 οτιιε,Ι
1395 1903 1397 1908 ’

569 2018 735 2104 Ouiaviae,
757 2039 904 2105 quaeres,
926 2039 1016 2080 nuno
1039 2017 1096 2082 ubi
1120 2015 1249 2104 praesul
1273 2026 1358 2103 egat.

514 2124 622 2206 Quem
644 2134 731 2213 puto,
753 2124 782 2190 ai
805 2123 921 2208 neseis,
944 2121 1074 2211 promul
1098 2123 1300 2191 Oarnooviae
1324 2121 1379 2188 ille
1402 2130 1460 2208 est,

567 2231 776 2320 Principibus
799 2230 889 2296 fama
911 2241 1007 2296 notus
1032 2229 1064 2294 iu
1088 2229 1165 2297 orbo
1189 2231 1279 2296 viris.

515 2337 573 2406 Sat
595 2338 672 2424 seio,
695 2360 736 2403 ne
759 2335 897 2422 dubitas,
920 2337 979 2402 tibi
1003 2337 1066 2403 orit
1088 2335 1244 2404 oonoluva
1267 2346 1426 2425 lauretum,

396 2501 399 2508 .
434 2470 480 2514 ro.
566 2445 715 2532 Namque
738 2443 853 2510 domus
877 2444 978 2509 nausis
1002 2442 1153 2510 omnibus
1176 2443 1233 2510 illa
1256 2452 1353 2532 patet.
1447 2488 1450 2494 Δ

514 2551 600 2617 Ante
623 2561 732 2616 tamon
756 2550 924 2616 dominum
946 2573 1045 2637 quam
1068 2549 1214 2638 supplies
1237 2573 1317 2616 voce
1340 2548 1470 2636 salutes,

541 2657 714 2746 -Reepiua
737 2679 924 2722 communes
946 2679 999 2722 rea
1021 2666 1054 2722 et
1077 2679 1118 2722 an
1141 2655 1222 2722 hora
1245 2657 1361 2722 sinant.

411 2838 600 2848 ...-.....-.,,

515 2940 578 2994 ¹In
606 2943 684 2994 libro
699 2949 776 2994 msto.
801 2942 949 2995 oornioensi
974 2960 1017 3010 pg.
1041 2941 1077 2996 95
1101 2915 1319 3009 praescribuntur
1344 2941 1407 2995 huic
1431 2943 1544 2996 carmini

406 3033 481 3086 haee:
503 3032 560 3098 „Ari
572 3032 802 3101 religiosissimam
815 3032 964 3084 antistitem
976 3031 1141 3085 stanislaum
1154 3031 1340 3098 Gomoarium,
1360 3031 1545 3086 vladislariae

405 3129 434 3175 et
461 3121 635 3175 Pomeraniae
664 3123 826 3189 episomam,
853 3131 993 3188 patronam
1020 3137 1099 3174 suum
1126 3121 1390 3176 observantissimum
1415 3122 1474 3190 (sio,
1492 3139 1547 3176 non

408 3211 686 3276 „observatissimum‘
698 3212 796 3278 ubique
805 3211 834 3262 in
843 3212 926 3279 eom.)
943 3211 1017 3263 Petri
1027 3212 1120 3277 Royaii
1130 3212 1234 3263 Maurai
1244 3211 1368 3278 Hispani,
1380 3212 1545 3280 sigismundi

410 3299 534 3368 Augusti,
560 3300 719 3351 Polonorum
743 3301 824 3368 ragis,
852 3300 1044 3364 iurisconsulti,
1072 3299 1169 3352 Viinaa
1196 3301 1230 3351 ad
1258 3302 1290 3351 D.
1309 3300 1439 3352 Stanisiai
1458 3307 1546 3353 casto-

405 3389 447 3438 dis
466 3394 494 3439 et
510 3388 620 3439 Ioannis
638 3389 777 3454 Baptistae
797 3389 1021 3455 archipresbyteri
1040 3387 1162 3440 Otiorum
1174 3389 1243 3439 liber
1260 3389 1380 3440 tertius'.
1400 3389 1546 3442 Continen-

406 3480 450 3525 tur
469 3481 559 3526 autem
576 3474 624 3525 iilo
642 3465 764 3526 Ossorum
781 3474 851 3526 libro
869 3475 959 3526 omnia
977 3474 1106 3538 earmina,
1131 3490 1200 3540 quaa
1219 3475 1377 3526 norninatim
1396 3477 1544 3527 Carnoorio

406 3561 545 3627 adscripta
562 3562 614 3614 hoe
631 3562 690 3614 loeo
707 3578 789 3628 sopra
807 3563 887 3627 edidi,
906 3569 933 3614 at
951 3569 1093 3628 praeterea
1109 3562 1196 3613 multa
1214 3561 1276 3614 alia.
1303 3563 1395 3628 Neque
1419 3555 1545 3614 babitan-

405 3650 469 3701 dam
487 3656 536 3714 ast,
555 3651 620 3717 quin
638 3651 696 3703 eius
714 3651 785 3702 modi
803 3651 880 3714 liber,
899 3651 945 3717 qui
964 3652 1034 3703 inter
1053 3651 1109 3702 alia
1126 3651 1284 3718 praesertim
1303 3651 1424 3704 earmina
1442 3651 1491 3703 iila
1509 3651 1544 3702 ad

405 3741 493 3806 ipsum
512 3739 690 3792 Carnooriam
706 3740 877 3806 pertinentia,
895 3756 965 3807 qaas
984 3756 1066 3807 sopra
1083 3747 1275 3807 proponuntur,
1293 3740 1447 3808 complexos
1466 3745 1547 3806 esset,

403 3845 433 3880 re
452 3845 518 3880 vera
535 3829 631 3892 missos
650 3828 685 3880 sit
704 3829 739 3879 ad
757 3828 932 3881 Cannensium
953 3830 1026 3882 circa
1045 3846 1069 3881 a.
1090 3828 1168 3893 1570,
1186 3845 1239 3896 quo
1253 3829 1499 3896 temporaiioysiua
1516 3829 1546 3880 in

403 3919 565 3971 dantisoana
582 3919 725 3986 legatione,
744 3918 788 3971 eui
807 3918 972 3972 Carnoorios
990 3919 1117 3986 praefuit,
1135 3919 1202 3970 iuris
1220 3919 1335 3972 oonsolti
1352 3919 1419 3987 regii
1435 3933 1546 3970 monera

403 4009 575 4076 fungebatur.
595 3992 726 4062 Sed'oum
743 4024 838 4075 nsque,
856 4025 909 4074 quo
927 4009 986 4062 loeo
1009 4009 1077 4060 liber
1102 4009 1215 4073 desinat,
1240 4008 1268 4060 io
1293 4008 1442 4062 oornioenai
1469 4013 1546 4060 nota·

404 4105 462 4149 tum
480 4098 524 4162 ait,
543 4103 571 4149 et
585 4098 729 4165 quaedam,
747 4105 778 4150 ot
795 4114 903 4150 oarmen
922 4098 964 4150 sd
981 4099 1145 4163 Gomeaium‚
1164 4099 1205 4150 illi
1224 4099 1293 4151 libro
1310 4099 1424 4152 infuisse
1443 4098 1489 4150 rix
1508 4098 1544 4150 sit

402 4187 540 4251 credibile,
558 4203 619 4240 eom
637 4194 778 4254 praeterea
795 4188 877 4239 etiam
895 4189 1007 4240 duorum
1024 4189 1162 4252 librorum,
1180 4189 1226 4254 qni
1238 4189 1316 4240 iilum
1332 4189 1496 4256 praecedunt
1515 4189 1544 4238 in

404 4283 491 4342 mata,
510 4275 580 4328 ratio
599 4277 740 4328 admodum
758 4277 794 4328 ait
811 4277 924 4342 ineerta,
942 4277 1008 4329 sutis
1027 4278 1110 4330 habui
1129 4277 1162 4328 do
1180 4277 1248 4330 libro
1267 4277 1404 4342 adnotare,
1428 4277 1543 4331 Cornea·

405 4365 488 4418 riuus
504 4382 568 4420 voro
586 4365 648 4420 indu
667 4367 755 4421 aioeta
772 4367 807 4420 ari
824 4383 912 4422 meam
930 4369 1062 4422 rationum
1079 4367 1185 4436 ‹ligostn
1203 4367 1472 4436 promontoriorum
1496 4384 1544 4436 ug·

403 4473 465 4510 man
483 4458 534 4510 hoo
552 4473 661 4511 carmon
679 4457 789 4524 elauiit,
812 4474 974 4527 quamquam
997 4459 1025 4511 in
1051 4457 1199 4512 cornioonsi
1226 4457 1340 4525 primum
1364 4465 1480 4526 occupat
1504 4457 1544 4510 lo·

403 4529 474 4613 auru,
492 4546 598 4600 ridetur
617 4547 688 4602 onim
707 4549 873 4617 potissimum
892 4556 952 4616 post
970 4549 1019 4602 ilia
1037 4549 1166 4617 seriptum
1185 4563 1251 4602 essu.

400 4676 412 4692 ..
512 4634 523 4667 ¹
540 4639 622 4690 Iaibar
638 4638 697 4704 ipsa
715 4640 811 4690 missus
830 4646 858 4690 at
874 4638 925 4692 boe
944 4639 1144 4706 propempticon
1168 4639 1298 4705 seriptum
1322 4644 1363 4690 est
1387 4643 1448 4706 post
1473 4638 1544 4690 diem

403 4724 439 4778 23
457 4727 557 4777 mensis
575 4727 689 4795 Augusti
708 4745 732 4779 a
753 4727 832 4793 1569,
850 4744 902 4795 quo
920 4735 1039 4796 tempora
1058 4727 1173 4793 Royaius
1192 4733 1281 4780 eustos
1305 4725 1468 4779 cathedraiis
1493 4726 1544 4777 sii·

402 4815 494 4868 nensis
513 4825 555 4870 est
572 4824 686 4871 oreatus.
706 4820 845 4887 legantur
863 4818 930 4872 baec
948 4819 976 4870 in
995 4817 1065 4870 libro
1083 4834 1155 4871 ooro.
1175 4834 1218 4885 pg.
1237 4815 1352 4872 95-98.
