4109 5767
631 780 680 848 36
1112 799 1191 836 mm
1210 799 1299 836 uorsa

741 992 888 1059 Plurima
911 1015 992 1082 quoe
1015 993 1161 1082 sequitur
1183 989 1296 1080 clipeis
1320 1001 1445 1058 armeta
1467 992 1628 1076 iuventus,

640 1121 709 1167 uo.
739 1101 885 1188 Argeuto
908 1099 1021 1188 clipeis
1045 1097 1158 1186 solido,
1180 1121 1318 1188 quorum
1341 1096 1472 1168 aethera
1496 1098 1619 1166 candor

741 1205 909 1292 Verberat,
932 1214 1167 1294 exsuperatque
1192 1205 1342 1272 micantis
1365 1204 1490 1274 lumina
1512 1204 1597 1278 solis.

742 1313 842 1379 Hunc
864 1322 971 1401 stupet
995 1311 1074 1378 urbs
1097 1313 1210 1396 omnis,
1233 1334 1316 1401 gaza
1338 1321 1370 1378 ct
1391 1313 1529 1378 miratur
1551 1312 1585 1377 in
1609 1311 1680 1400 ipsa

830 1419 926 1486 Multi
949 1419 1015 1508 ulii,
1038 1443 1119 1510 quos
1141 1430 1190 1487 est
1212 1419 1346 1509 longum
1369 1442 1549 1507 numerare,
1572 1419 1670 1486 secuti

740 1525 904 1594 Sublimes
925 1528 960 1592 in
984 1529 1085 1618 equis,
1108 1538 1258 1617 ostroque
1281 1551 1425 1617 auroque
1447 1526 1556 1594 decori

639 1653 708 1699 rra.
740 1633 783 1698 Et
804 1632 902 1720 longo
924 1635 1028 1722 saepti
1051 1635 1206 1700 comitutu
1230 1644 1262 1700 et
1284 1633 1423 1701 fortibus
1445 1635 1555 1700 armis.

830 1738 893 1804 His
915 1741 1060 1828 equitum
1084 1739 1200 1804 turmis
1222 1761 1280 1806 rex
1304 1750 1411 1806 castra
1432 1741 1522 1806 venit
1544 1738 1587 1805 ad
1608 1739 1682 1826 ipsa,

627 1872 638 1912 ·.
741 1842 835 1925 Quae
858 1865 973 1932 campo
995 1846 1030 1910 in
1053 1843 1160 1910 medio
1183 1845 1313 1912 stabant
1336 1847 1408 1932 triu,
1431 1853 1666 1914 morevetusto

740 1949 815 2016 Non
838 1949 950 2038 procul
973 1972 994 2016 a
1016 1952 1119 2017 muris
1143 1951 1243 2038 urbis,
1267 1951 1354 2018 celso
1376 1951 1465 2018 edita
1487 1950 1587 2037 caelo,

740 2057 888 2146 Indeque
908 2058 1057 2146 reginam
1080 2059 1180 2124 misso
1202 2067 1327 2126 oratore
1351 2058 1479 2126 salutet.

639 2185 710 2230 rao.
829 2165 900 2233 Nec
922 2165 1032 2230 minus
1054 2163 1118 2244 hic,
1142 2165 1258 2232 mediis
1281 2164 1361 2231 dum
1376 2188 1435 2232 rex
1449 2174 1614 2253 exspectat
1630 2164 1662 2229 in
1676 2163 1767 2250 agris,

741 2265 917 2337 Officiosus
939 2293 1038 2360 eques
1060 2271 1207 2364 Belicam
1228 2273 1317 2361 petit,
1339 2271 1462 2340 arduus
1484 2272 1554 2340 acri

739 2379 864 2445 Veotua
886 2401 970 2468 equo
992 2377 1114 2446 celeres
1135 2381 1311 2468 praevertit
1333 2379 1484 2450 cursibus
1505 2400 1612 2466 auras,

740 2485 786 2553 Ut
808 2487 877 2574 regi
899 2487 1028 2573 referat,
1052 2499 1193 2576 quantus
1216 2487 1403 2557 decoreris
1424 2488 1590 2576 honosque

738 2595 884 2684 Reginum
906 2595 1025 2683 sedeat,
1049 2620 1133 2688 quuo
1156 2607 1315 2686 augustae
1337 2597 1443 2686 gratia
1466 2596 1589 2663 frontis.

636 2724 706 2771 rus.
739 2702 937 2771 Accendant
956 2727 1076 2794 regem,
1100 2727 1180 2773 curu
1203 2707 1258 2796 qui
1282 2707 1413 2773 saucius
1436 2705 1505 2773 ucri

740 2812 812 2877 Iam
833 2810 961 2878 dudum
982 2822 1031 2879 est
1054 2815 1159 2902 magis
1181 2823 1278 2902 utque
1301 2815 1415 2902 magis,
1445 2836 1529 2901 quae
1560 2813 1696 2902 quisque
1725 2833 1777 2877 re-

1562 2921 1688 3007 [portat.

740 3021 864 3109 Uritur,
887 3023 1101 3112 ingentesque
1123 3023 1244 3091 auditis
1267 3026 1409 3114 concipit
1431 3028 1533 3114 ignes,

739 3125 811 3193 Neo
832 3128 968 3194 sufferre
990 3151 1098 3195 moras
1121 3151 1178 3195 rex
1201 3129 1267 3196 iam
1290 3130 1376 3196 valet
1399 3131 1539 3218 amplius
1562 3128 1654 3195 ullus.

741 3232 877 3300 Incusut
898 3234 1035 3321 caelum,
1058 3236 1152 3322 pigro
1174 3237 1260 3322 quod
1284 3236 1451 3304 volvitur¹
1474 3258 1545 3321 axo,

638 3360 708 3406 ruo.
739 3337 938 3429 Incusutque
960 3341 1050 3408 vium
1072 3343 1269 3431 spatiosique
1291 3365 1432 3433 aequora
1454 3343 1570 3432 campi,

623 3495 629 3502 -
740 3447 833 3530 Quae
855 3449 991 3538 pulchra
1014 3475 1035 3518 a
1057 3451 1168 3524 Bulico
1191 3463 1258 3520 tum
1280 3452 1376 3543 longe
1399 3451 1440 3520 ud
1464 3464 1572 3522 castra
1594 3461 1789 3542 supersunt.

739 3557 805 3623 'lar
825 3557 929 3627 voluit
950 3583 1073 3628 morem
1096 3572 1128 3628 et
1150 3572 1263 3630 notum
1287 3562 1470 3630 rescindere
1492 3563 1600 3650 ritum,

739 3665 899 3732 Immissis
922 3678 954 3734 et
976 3692 1060 3757 equo
1082 3669 1228 3736 Belicam
1250 3693 1345 3737 ruere
1366 3681 1459 3738 nctus
1481 3670 1631 3737 habenis:

739 3771 883 3839 oonsilio
904 3783 954 3840 ter
976 3799 1020 3862 se,
1042 3786 1092 3842 ter
1114 3799 1149 3843 se
1171 3778 1296 3844 ratione
1318 3779 1479 3867 repressit,

636 3900 704 3944 rec.
733 3879 872 3967 Antiqui
895 3883 1039 3969 nequid
1062 3885 1161 3949 moris
1183 3887 1308 3951 rituave
1332 3886 1467 3952 refellat.

828 3987 989 4054 Oonsessu
1013 3991 1137 4056 interea
1159 3992 1225 4056 ium
1247 3991 1380 4080 longum
1403 3995 1475 4058 visa
1497 3993 1626 4078 morari,

737 4091 913 4181 Postquam
935 4095 1041 4183 epulis
1064 4096 1200 4184 depulsa
1222 4098 1325 4164 fumes
1349 4101 1533 4188 mensisque
1556 4109 1706 4165 remotas

738 4196 895 4264 Albentes
918 4223 1054 4289 mappas
1077 4202 1199 4269 celeres
1221 4204 1366 4291 plicuere
1388 4207 1538 4293 ministri,

739 4301 852 4392 Surgit
874 4308 989 4393 regina
1011 4318 1044 4373 et
1066 4311 1200 4374 comites
1223 4309 1312 4376 iubet
1335 4313 1426 4378 ocius
1449 4335 1561 4379 omnes

636 4429 708 4475 rso.
740 4408 905 4478 Scandere
926 4436 1035 4502 equos.
1066 4416 1166 4482 Dicto
1190 4417 1345 4484 festinant
1367 4419 1458 4486 ocius
1481 4442 1592 4486 omnes

737 4517 974 4609 Subiciuntque
996 4523 1031 4586 in
1054 4545 1153 4611 equos
1177 4537 1346 4612 properato
1369 4549 1503 4615 corpora
1527 4527 1621 4594 saltu.

737 4624 809 4715 liu,
832 4626 1079 4719 puellarumque
1102 4641 1134 4696 et
1157 4643 1297 4698 matrum
1322 4645 1433 4723 saepta
1455 4657 1583 4723 corono,

739 4856 915 4913 ¹lndlcatlva
933 4858 1011 4915 ruodo
1030 4862 1116 4916 utitur
1135 4880 1182 4932 pru
1200 4865 1381 4922 cuuluuctlvu.
