4109 5767
735 764 772 798 sa
790 763 904 799 soranos
920 763 1068 798 sarrs-nass
1086 763 1277 806 rsaasaasara.
1515 747 1581 814 161

986 1203 1039 1268 56.

691 1391 745 1458 aa
768 1390 972 1460 1aaoaun1
996 1391 1323 1486 causasarum-¹.

986 1568 1037 1635 L!

549 1695 615 1777 Qui
639 1695 737 1783 videt,
760 1693 936 1782 Uclransci‚
959 1692 1078 1762 densos
1101 1693 1135 1762 in
1158 1693 1281 1764 vertice
1303 1717 1403 1764 canos

600 1804 643 1870 itt
665 1803 776 1890 barba,
799 1825 956 1870 annosum
981 1814 1013 1870 tc
1035 1810 1129 1892 putat
1150 1801 1227 1872 inda
1250 1826 1368 1872 sanem.

548 1910 689 1978 Fallitur
710 1910 766 1978 ille
787 1910 895 1997 nimis,
917 1911 973 2000 qai
995 1933 1039 1978 ex
1061 1911 1153 1978 canis
1176 1921 1342 2000 computat
1361 1935 1477 1980 annosa

601 2017 797 2107 Imprudens
820 2039 919 2085 canos
942 2019 1061 2108 aspicit
1083 2017 1138 2086 ille
1160 2028 1241 2086 tuos.
1375 2020 1378 2026 ’

489 2149 516 2194 a.
547 2126 616 2196 (iar
637 2123 820 2194 exantlatas
842 2126 983 2214 patriaa⁸
1004 2148 1064 2215 pro
1086 2149 1167 2216 pace
1188 2125 1317 2194 labores

602 2234 762 2302 Auctores
785 2234 867 2301 senii
891 2257 955 2300 non
979 2234 1085 2324 magis
1107 2257 1178 2304 csse
1200 2236 1318 2326 putat?

548 2342 612 2408 Tot
633 2341 750 2430 vigiles
772 2343 908 2410 noctes?
931 2343 1071 2432 imposta
1092 2352 1140 2410 tot
1162 2353 1237 2410 acta
1258 2342 1386 2410 dieram

602 2448 788 2534 Tempora?
811 2469 874 2514 nec
895 2457 1042 2536 sumptas
1066 2446 1133 2514 sole
1155 2447 1292 2515 cadente
1315 2446 1440 2535 dapes?

548 2551 678 2618 Litibas
701 2551 876 2640 implicitas
898 2551 972 2618 lites
995 2562 1027 2618 te
1050 2551 1160 2618 indice
1183 2553 1297 2636 victas,

467 2679 515 2724 sa.
602 2657 696 2737 Quae
716 2656 843 2746 pyliam
867 2657 1013 2723 facerent
1036 2657 1241 2746 Astyanacta
1263 2658 1400 2723 sanem?

548 2761 637 2828 Oura
659 2760 706 2847 pii
728 2761 816 2848 regis
838 2761 1076 2848 commissaque
1098 2783 1234 2827 manera
1256 2761 1362 2848 regni:

604 2865 696 2933 Haec
718 2864 875 2953 frangant
898 2887 1016 2955 corpus
1039 2865 1296 2954 deminuuntqae
1322 2875 1425 2932 tuum.

549 2972 632 3040 inde
655 2982 747 3039 taam
770 2972 907 3059 senium,
930 2982 1029 3062 capnt
1050 2971 1129 3039 hinc
1151 2971 1337 3040 venerabile
1361 2972 1467 3039 canis:

602 3080 747 3151 Canities
771 3080 879 3148 civem
901 3090 934 3164 te
956 3079 1051 3149 (locet
1073 3103 1144 3148 esse
1167 3079 1297 3148 bonum.

990 3294 1036 3360 11.
1152 3247 1155 3254 ¹

549 3418 623 3484 Non
647 3428 704 3486 taa
726 3428 914 3507 sparserant
935 3418 996 3485 tibi
1018 3429 1164 3508 tempora
1186 3427 1333 3508 tempora
1354 3418 1461 3488 canis:

602 3524 769 3593 Grandior
790 3535 849 3592 aut
871 3535 960 3593 aetas
982 3535 1014 3592 te
1038 3524 1118 3593 iacit
1140 3549 1212 3594 esse
1234 3547 1353 3592 senem.

550 3632 689 3721 Ingenii,
711 3655 776 3720 qao
798 3642 834 3699 ta
858 3633 1045 3721 magnesia
1068 3641 1144 3700 ante
1166 3631 1328 3720 Platonas,

604 3739 742 3827 Ingenii,
764 3760 830 3806 non
852 3748 902 3805 est
924 3739 1077 3828 corporis,
1099 3738 1162 3807 hoc
1185 3740 1320 3806 scnium.

553 4069 563 4101 ¹
581 4072 656 4124 Obiit
674 4086 699 4123 ι
718 4070 787 4126 1581
807 4072 964 4139 archiepisc.
983 4073 1150 4140 pesnsnsis.
1172 4072 1320 4140 Episcopus
1339 4069 1499 4123 ahstmsnsis
1517 4069 1594 4120 ‹issi-

444 4163 544 4227 gnstas
562 4174 580 4212 s
596 4175 660 4226 rega
678 4175 703 4211 s
723 4159 802 4225 1550,
820 4160 992 4212 confirmatas
1011 4175 1029 4211 s
1046 4159 1172 4227 pontias
1191 4160 1308 4212 marimo
1327 4173 1351 4210 s
1369 4156 1447 4211 1552.
1466 4157 1497 4208 Α.
1517 4155 1593 4210 15511Ἰ

444 4247 661 4316 archiepiscopus
686 4248 843 4316 [cunensis
868 4255 896 4301 st
919 4249 1019 4320 primas
1042 4249 1118 4318 regni
1138 4251 1226 4302 iactas
1245 4253 1293 4301 ast
1325 4247 1439 4300 Carmen
1458 4245 1589 4312 scriptam

444 4351 503 4389 csse
521 4337 627 4390 ridetur
644 4343 708 4389 ants
726 4354 827 4391 sanam
843 4337 921 4404 1550,
939 4355 991 4406 qno
1002 4339 1171 4393 Uchaascins
1182 4337 1253 4407 regis
1263 4335 1425 4391 secretarius
1439 4337 1527 4387 iactas
1537 4333 1595 4386 mi-

445 4427 555 4479 noribns
573 4426 713 4479 etiamtum
737 4428 892 4480 maneribus
910 4428 1102 4482 aeclesiasticis
1122 4427 1292 4497 iangabstar.
1318 4427 1386 4478 'lirin
1408 4425 1497 4491 ipsam
1515 4423 1596 4476 circs

444 4515 482 4571 40
499 4533 584 4570 sanas
602 4523 684 4569 natas
702 4533 760 4570 assa
778 4517 893 4571 viderur.
1057 4567 1059 4572 .

554 4603 710 4659 ’camina
727 4607 741 4658 1
759 4614 787 4658 st
803 4607 832 4659 11
849 4613 957 4659 exstant
974 4606 1003 4658 in
1021 4607 1078 4659 sala
1097 4623 1168 4658 corn.
1189 4621 1233 4674 pg.
1253 4603 1313 4659 108.

555 4693 632 4746 'aaa
655 4695 788 4762 „patris'.

551 4805 664 4848 οιιιίιι
681 4807 709 4848 a.
722 4807 750 4847 ιι
