4109 5767
794 785 901 822 urens
919 785 1171 863 rnamrurrrurn—
1471 767 1541 834 255

461 859 476 864 ,.
504 858 578 864 -.-..
617 857 625 862 ..
663 857 676 862 -
1173 855 1287 862 .-.....-.
1334 854 1433 863 ...ι-..-

400 857 669 878 τζ-..η-...ω-ἒη
693 869 700 875 .
730 870 736 875 .
755 869 822 876 .....
862 871 866 874 .
928 853 1538 876 ..-....-.........-.....-..Ζ.“Σ...--.ῧ

507 981 579 1047 Hoo
602 1001 694 1046 meus
717 978 899 1066 astrologus
922 977 1021 1064 iubet,
1044 977 1106 1044 boo
1131 988 1164 1046 et
1186 978 1293 1046 sidera
1316 979 1402 1045 iurat

418 1109 470 1153 ao.
502 1087 624 1153 Dioere
646 1095 915 1173 spargentemque
937 1085 1011 1174 polo
1035 1108 1095 1150 sus
1116 1085 1242 1151 lumina
1264 1084 1445 1152 Phoebum!

594 1193 755 1258 Invenere
777 1193 865 1256 vium
890 1191 1044 1278 astrologi
1069 1192 1131 1258 sibi
1154 1190 1295 1257 subdere
1316 1212 1431 1278 regum

504 1296 640 1386 Sceptra
662 1297 883 1386 superborum,
906 1320 966 1362 sna
989 1298 1121 1385 regibus
1143 1306 1231 1363 astra
1253 1297 1431 1384 loquentes:

505 1404 682 1491 Imperium
704 1405 739 1468 in
763 1402 898 1492 populos
920 1403 983 1470 hae
1006 1414 1083 1469 sunt
1104 1404 1230 1469 ratione
1252 1404 1364 1488 seeuti,

504 1511 545 1575 In
568 1509 759 1597 plebemque
782 1510 930 1596 ignaram
953 1519 985 1576 et
1008 1509 1174 1596 religionis
1196 1531 1344 1596 egenam.

419 1640 471 1684 as.
503 1616 680 1706 Astrologi!
704 1616 799 1683 vobis
822 1626 937 1706 parent
959 1615 1013 1682 hie
1036 1615 1125 1682 orbis
1148 1627 1180 1683 et
1202 1616 1292 1701 alter,

503 1724 683 1813 Plebesque
705 1735 876 1814 putresque
891 1734 1059 1810 ornasset,
1081 1725 1138 1812 qui
1153 1725 1238 1810 regit
1251 1723 1369 1808 omnia,
1393 1743 1506 1789 mesor
1517 1726 1538 1787 ¹.

506 1833 682 1922 Imperium
706 1842 863 1920 exercete,
885 1832 959 1918 viri,
982 1841 1132 1899 exercete
1154 1830 1330 1922 superbum

505 1941 683 2029 Imperium
706 1941 741 2007 in
764 1963 872 2007 rerum
895 1939 1045 2006 dominos
1067 1950 1101 2006 et
1123 1961 1250 2006 summa
1271 1947 1428 2005 tenentes.

505 2047 687 2136 Praecipite
709 2071 751 2114 ex
774 2048 878 2131 astris,
901 2055 933 2112 et
955 2056 1022 2113 toto
1046 2046 1189 2134 spargite
1211 2044 1313 2132 vulgo

403 2177 471 2222 roo.
502 2157 584 2221 llnta
607 2154 777 2242 obitusque
799 2153 965 2220 hominum
990 2154 1188 2242 mentitaque
1210 2151 1326 2218 funera
1348 2173 1471 2237 regum.

506 2262 695 2351 Astrologos
718 2287 737 2327 o
760 2262 944 2350 mimilogus,
967 2288 986 2325 o
1009 2261 1150 2350 prossima
1171 2282 1281 2327 reram

504 2370 655 2455 Nomina,
678 2370 806 2437 mentiri
829 2371 923 2436 terris
945 2370 1001 2458 qui
1025 2368 1143 2456 cogitis
1165 2377 1262 2452 nstra,

504 2478 607 2564 Digni
631 2477 824 2565 praeeipitee
848 2476 938 2542 volvi
962 2473 1192 2563 phlegethonta
1214 2473 1275 2539 sub
1299 2472 1414 2538 imuml

504 2585 547 2649 Et
570 2607 629 2649 vor
653 2607 672 2648 o
695 2582 820 2668 stultos,
843 2583 898 2670 qui
921 2583 1020 2648 Divis
1044 2591 1132 2646 astra
1154 2580 1278 2646 reliotis
1341 2669 1344 2674 j

465 2740 472 2754 .
507 2689 707 2770 Observatis,
730 2689 818 2776 apud
840 2712 921 2775 quos
943 2687 1018 2776 plus
1041 2689 1122 2753 Iove
1143 2686 1251 2752 sidera
1273 2695 1421 2774 possunt:

504 2796 617 2882 Digna
639 2795 823 2882 superstitio
846 2794 959 2881 poenis
978 2803 1011 2860 et
1034 2815 1177 2880 gorgone
1199 2814 1307 2875 meva,

505 2902 613 2982 (luam
636 2901 742 2967 malus
765 2901 907 2988 antistes,
930 2922 1028 2988 quam
1053 2921 1227 2966 servavere
1249 2897 1391 2988 tyranni,
1478 2925 1481 2929 ¹

505 3009 596 3091 Quos
619 3033 679 3077 neo
703 3007 816 3096 religio
839 3009 964 3076 Divum
988 3031 1049 3074 noo
1071 3006 1179 3094 gratio
1201 3006 1314 3095 tangit,

504 3117 593 3187 Olim
615 3141 700 3208 ‹puue
721 3118 804 3185 nulli
828 3117 925 3186 uessit
948 3115 1039 3204 beno,
1061 3113 1204 3206 perdidit
1225 3137 1337 3182 omnes

463 3280 470 3295 .
505 3227 696 3316 Oblitosque
717 3228 827 3294 Deum
850 3225 911 3293 sub
935 3235 1058 3292 tartara
1079 3225 1185 3291 volvit
1208 3225 1344 3291 avernal

593 3335 730 3421 Discite,
753 3334 972 3420 Sauromatae,
996 3331 1107 3399 stellas
1129 3342 1335 3398 contemnere
1357 3340 1391 3397 et
1412 3338 1501 3396 aetra

504 3441 711 3526 Inieetosque
733 3449 838 3506 metus
861 3440 957 3505 vanis
981 3463 1000 3504 a
1024 3439 1155 3504 vatibus
1177 3437 1264 3503 olim.

505 3545 666 3612 Graeovin
689 3547 823 3611 antistas
846 3544 976 3613 Samuel
1000 3555 1114 3610 eontra
1137 3554 1225 3609 astra
1246 3543 1413 3631 malosque

506 3651 695 3739 Astrologos
719 3675 816 3741 aeger
838 3675 941 3741 nuper
963 3652 1158 3718 discesserat
1180 3639 1288 3717 nubet

466 3809 474 3825 .
508 3758 604 3826 Nouo
628 3759 713 3826 retlit
734 3783 811 3827 eree
834 3759 948 3826 valens
971 3761 1098 3826 firmato
1121 3780 1267 3847 corpore3
1291 3758 1436 3847 prisoum

505 3867 619 3934 Robur
642 3868 741 3954 adest,
765 3867 885 3934 hilaros
907 3867 1004 3953 oouli,
1027 3867 1127 3934 decor
1148 3867 1214 3932 oris
1236 3877 1268 3932 et
1291 3865 1347 3931 ille

504 3974 625 4039 Laetae
650 3973 764 4039 frontis
787 3973 901 4040 honos:
924 3997 989 4039 non
1013 3983 1198 4059 aegrotasse
1220 3981 1359 4060 putetur.

506 4079 572 4158 Qui
595 4077 691 4142 modo
713 4077 830 4144 leutico
854 4079 985 4143 elausue
1009 4076 1184 4164 multisque
1207 4079 1374 4142 revinctus

505 4182 659 4270 Pellibus,
682 4183 854 4270 impatiens
878 4182 1024 4270 caelique
1047 4193 1079 4248 et
1102 4183 1234 4265 frigoris
1256 4181 1353 4268 aspri

402 4311 472 4356 rao.
506 4290 636 4356 Duram
659 4291 824 4378 ingressus
848 4291 916 4376 itur,
940 4290 1098 4379 languens
1122 4313 1181 4355 aaa
1204 4289 1331 4356 rnoeniu
1354 4287 1461 4377 liquit:

506 4397 629 4466 Ventus
652 4421 735 4488 oqrm
759 4398 841 4466 redit
865 4398 978 4464 irurniti
1003 4420 1198 4486 gressusque
1222 4396 1336 4464 serenti

507 4667 514 4700 ¹
535 4669 586 4722 His
605 4670 676 4722 enlm
696 4671 858 4738 temporibus
878 4677 955 4722 tanta
972 4677 1031 4722 eret
1048 4669 1211 4737 astrologiae
1229 4669 1386 4731 auotoritas,
1413 4673 1442 4719 ut
1460 4665 1542 4732 vulgo

395 4775 430 4810 ne
447 4759 595 4812 uoettntmt
614 4761 722 4827 quidem
740 4761 790 4813 viri
809 4776 870 4812 eum
889 4766 1096 4827 aspernarentur
1115 4759 1335 4826 preedIotnmque
1351 4757 1386 4808 ab
1399 4753 1543 4822 astrologis

393 4849 424 4902 In
443 4865 542 4902 annum
562 4849 633 4905 1524
650 4867 789 4905 commune
807 4850 938 4902 dilnvium
957 4865 1060 4901 summo
1075 4865 1137 4903 enm
1155 4855 1228 4901 metu
1241 4864 1332 4900 omnes
1345 4849 1542 4913 exspectarent·
