4109 5767
699 723 735 761 D!
753 722 894 762 imum
911 723 1067 764 limum!
1086 725 1143 762 ΙΝ.

458 918 635 1007 Susoipiaa,
657 926 737 1005 orat,
757 917 853 984 vultu
874 917 990 1006 regina
1010 917 1163 1008 benigno,

458 1025 552 1108 Quae
574 1022 712 1092 fortasse
733 1023 821 1111 olim,
843 1024 872 1090 ai
894 1022 1071 1114 quiequam
1093 1025 1240 1092 earmina
1260 1033 1406 1114 possum,

458 1131 635 1200 Posteritas
657 1129 744 1219 leget
765 1139 863 1220 atque
885 1152 1023 1220 sequens
1045 1129 1219 1200 mirabitur
1240 1141 1339 1219 aetas,

374 1258 427 1307 ao.
457 1237 567 1305 Huiua
589 1259 667 1327 opes
689 1235 799 1324 aneoli,
821 1245 961 1326 genum
982 1258 1182 1327 pompasque
1204 1236 1371 1327 superbas.

371 1354 374 1359 ⁴
549 1343 585 1413 Si
599 1341 692 1410 labor
704 1341 761 1410 hio
780 1343 916 1432 primus,
931 1341 1319 1412 subitaehaaoaiexorsa
1333 1343 1496 1412 cumanus

459 1449 559 1518 Haud
582 1449 707 1519 fuerint
726 1450 866 1541 ingrata,
888 1449 977 1540 legas
1000 1472 1085 1541 quae
1107 1461 1216 1520 uetera
1237 1458 1373 1519 matentz

457 1559 649 1650 Impositum
672 1559 782 1649 eapiti,
802 1558 896 1648 regni
919 1557 1023 1626 altum
1044 1558 1184 1650 insigne,
1206 1580 1360 1629 eoronam

457 1665 667 1757 Tandemque
688 1675 854 1735 extremae
875 1676 908 1734 et
930 1665 1100 1735 sollemnia
1121 1667 1244 1756 gaudia
1264 1666 1389 1756 taedae,

373 1791 426 1839 os.
456 1773 501 1840 Et
522 1795 607 1862 quae
627 1773 787 1840 miseruut
806 1773 954 1861 ingentia
974 1795 1112 1840 munera
1133 1795 1236 1861 reges,

445 1879 572 1966 Longe
593 1877 795 1946 exsultantes
818 1888 850 1946 et
871 1887 938 1945 toto
959 1887 1091 1967 pectore
1112 1877 1198 1965 laeti,
1222 1915 1223 1918 ι

456 1982 552 2050 Talia
573 1985 727 2072 oouiugia
747 1993 781 2051 et
800 1983 883 2051 tales
905 1982 1064 2051 eelebrari
1085 1982 1293 2075 hymenaeos

457 2340 681 2431 Iagelloueum
703 2363 808 2430 genus
828 2341 1093 2431 austriaoumque
1115 2341 1256 2431 superbo

458 2445 619 2536 llouiugio
640 2446 794 2514 innotura
817 2446 887 2515 dies
909 2456 942 2515 et
963 2457 1095 2536 perpete
1117 2446 1227 2515 vinulo

457 2551 634 2641 Adventui,
656 2553 747 2643 genti
769 2562 898 2621 tantum
918 2562 1073 2643 exoptata
1094 2553 1239 2643 polonae.

459 2659 626 2728 Romanae
648 2659 879 2728 Ferdinandus
900 2683 962 2728 rex
982 2661 1117 2728 inolitus
1138 2661 1239 2749 urbis,

399 2785 429 2833 ι.
458 2764 606 2833 Plurima
625 2776 795 2856 praeterea
817 2767 872 2834 oui
892 2789 995 2856 regua
1017 2766 1165 2856 ingentia
1186 2776 1311 2857 parent,

461 2870 737 2964 Austriaoumque
758 2873 864 2940 solum
885 2873 1052 2963 vicinique
1074 2896 1134 2941 ora
1154 2873 1300 2964 Boheml,

462 2977 638 3048 Sismundo
660 2978 820 3069 Augusto,
842 2978 949 3070 proles
971 3001 1056 3069 quae
1078 2978 1148 3048 sola
1169 2978 1275 3047 virilia

462 3084 691 3155 Sauromatum
712 3086 784 3177 regi
805 3095 863 3176 eat,
884 3087 999 3178 primia
1021 3087 1078 3178 qui
1100 3087 1223 3156 eleotus
1247 3086 1288 3157 ab
1312 3089 1408 3157 annia

458 3194 532 3262 Rex
553 3203 604 3263 est
626 3194 867 3283 Sauromatum,
889 3217 1051 3285 quemque
1073 3218 1178 3292 uuum
1200 3197 1292 3285 regia
1315 3205 1444 3286 seeptro

380 3321 429 3368 ιι.
458 3300 537 3366 Post
557 3323 710 3389 suprema
730 3310 864 3369 manent
884 3301 1038 3389 longaevi
1060 3302 1128 3368 fata
1149 3303 1305 3390 parentis,

460 3405 602 3494 Iungere
624 3405 766 3473 oonubio
786 3407 897 3474 vinulo
919 3415 952 3472 et
973 3407 1099 3473 sooiare
1120 3407 1225 3496 iugali

459 3510 596 3578 Paetum
609 3511 688 3578 olim
702 3512 869 3600 egregiam
883 3521 1003 3598 uatum,
1018 3521 1266 3601 extremumque
1278 3511 1498 3604 hymenaeum

462 3616 626 3684 Exeruere
646 3626 742 3707 parat
764 3617 926 3706 rebusque
947 3619 1114 3706 imponere
1135 3619 1242 3685 finem.

547 3723 622 3791 Rex
644 3746 774 3814 quoque
795 3723 1034 3811 Sauromatum,
1049 3725 1165 3811 senior,
1181 3746 1262 3791 oura
1276 3724 1368 3792 ardet
1382 3723 1498 3794 eadem

380 3849 428 3894 ue.
459 3828 678 3919 Optatamque
700 3852 822 3894 nurum
842 3852 944 3916 reguo
967 3829 1143 3897 sunoedore
1166 3838 1198 3898 et
1221 3829 1316 3897 aulae

460 3934 681 4001 Iamdudum
703 3935 794 4022 eupit
816 3942 849 4001 et
871 3956 981 4001 eoram
1002 3957 1082 4002 vera
1104 3957 1162 4002 ora
1183 3936 1276 4002 tueri.

460 4039 496 4108 si
516 4040 620 4128 possit
643 4063 809 4108 summum
831 4049 907 4107 ante
929 4040 1025 4128 diem,
1046 4040 1146 4129 longo
1169 4040 1294 4108 obsitus
1316 4064 1406 4130 aevo,

460 4145 653 4237 Suseeptam
675 4147 846 4216 subolom¹
866 4171 1049 4238 parvosque
1070 4147 1183 4216 videre
1206 4158 1348 4239 nepotes,

460 4253 653 4324 Subsidium
676 4256 815 4346 generis,
837 4257 979 4346 spatiosa
999 4255 1114 4325 ludere
1135 4258 1171 4324 in
1194 4257 1279 4325 aula

377 4383 427 4430 ao.
455 4362 553 4430 Festo
576 4385 656 4452 ergo
677 4386 770 4454 reges
793 4387 829 4432 se
850 4365 1028 4454 aooiuguut
1051 4365 1148 4432 ambo
1169 4366 1283 4454 iugali,

458 4469 637 4557 Ingentes¹
659 4480 691 4538 et
713 4494 791 4560 opee
812 4473 964 4539 resumtis
985 4471 1101 4560 pandit
1124 4481 1262 4562 uterque

458 4675 559 4732 'uara
580 4681 741 4747 ,sobolam',
760 4689 792 4735 ut
809 4679 917 4749 paulus.

457 4762 557 4820 'Edit
578 4768 755 4836 ,ingentem
774 4775 806 4823 ut
822 4768 923 4837 pasalm
940 4768 992 4822 hoo
1010 4785 1077 4823 oasu
1095 4769 1167 4838 apud
1184 4771 1324 4840 Roynlun.
