4109 5767
716 743 753 779 ao
771 743 900 779 romarus:
918 744 1001 780 arura
1020 743 1161 786 renuimus
1180 743 1320 778 rennuere.
1544 727 1593 792 33

645 934 729 1002 Solis
752 933 794 1001 ad
817 956 971 1001 oceasum
994 935 1099 1022 primo
1123 934 1269 1002 solvebat
1291 935 1333 1002 ab
1356 945 1428 1002 ortu

556 1039 633 1126 Ore,
655 1063 717 1107 nee
739 1042 774 1106 in
797 1051 864 1106 totu
886 1041 961 1107 tulit
984 1040 1053 1107 ulla
1075 1041 1204 1107 silentia
1226 1041 1309 1127 luoe,

556 1145 719 1214 Ridioulie
741 1147 892 1214 dominae
914 1147 1043 1236 replens
1067 1147 1270 1214 sermonibus
1294 1169 1397 1234 aures,

480 1277 523 1318 ιο.
555 1253 632 1319 Une
654 1253 797 1341 loquens,
821 1253 887 1320 alia
908 1276 950 1320 ox
973 1254 1047 1320 aliis
1069 1255 1251 1342 ineongrua
1274 1265 1415 1322 neeteus.

557 1358 651 1438 Quae
672 1360 756 1425 tristi
780 1361 904 1446 possit¹
926 1359 1068 1445 grandes
1091 1361 1202 1426 exoire
1224 1359 1409 1426 cachinnos.

559 1463 632 1530 Hoe
654 1464 722 1531 sole
743 1466 910 1532 exoriente
932 1465 1070 1553 agitans,
1092 1463 1155 1532 hoo
1178 1464 1245 1532 sols
1267 1464 1412 1552 cadente,

558 1570 784 1660 Respeotuque
805 1571 869 1639 loei
893 1571 982 1638 nullo
1006 1594 1067 1639 neo
1089 1573 1242 1661 temporie
1265 1571 1341 1660 ullo,

560 1677 625 1746 Suu
648 1677 781 1745 domine
803 1679 968 1747 aeeombit
990 1679 1120 1766 mensis,
1143 1701 1200 1748 seu
1223 1701 1324 1768 pensa
1346 1679 1472 1768 puellas

481 1806 527 1849 rr.
556 1784 687 1850 Dividit
708 1784 850 1852 illustres
873 1786 967 1872 iuter,
989 1785 1098 1852 media
1121 1786 1192 1874 ipsa
1214 1807 1276 1852 nea
1298 1802 1410 1852 exsors

559 1891 706 1958 Muneris
729 1902 786 1958 eut
803 1891 929 1959 iidibus
952 1891 1134 1978 modulans,
1155 1891 1244 1960 lente
1266 1889 1332 1960 otia
1354 1891 1448 1979 fallit,

524 1996 528 2002 ’
561 1998 640 2066 Sive
661 1997 763 2065 libros
784 2009 902 2084 versat,
924 2010 1033 2065 rerum
1052 2009 1266 2066 monumenta
1288 1999 1487 2066 saerurum'¹.

560 2107 653 2173 Ausa
674 2107 773 2174 etiam
805 2105 846 2174 ad
871 2117 995 2195 petrem
1018 2106 1193 2196 quiequam
1216 2116 1409 2196 petruumve
1431 2115 1597 2196 potentem

560 2215 724 2285 Seribonti
747 2214 872 2282 diotare
895 2213 1027 2306 aliquid,
1050 2216 1142 2305 quasi
1167 2223 1282 2306 eoepta
1304 2216 1417 2284 iuvare

372 2307 376 2317 ⁴
478 2350 527 2393 eo.
559 2326 635 2414 Ipsa
658 2324 726 2391 suis
749 2335 857 2415 possot
879 2325 976 2392 dietis
999 2336 1031 2392 et
1055 2324 1208 2393 claudere
1228 2345 1371 2392 versum.

560 2433 675 2514 Quivit
698 2443 734 2498 ut
756 2432 814 2499 illu
836 2433 924 2522 loqui
947 2455 1074 2522 semper
1096 2455 1326 2521 nunquamque
1348 2435 1468 2499 tacere!

650 2539 749 2607 Sueto
771 2562 883 2628 preoes
906 2539 1018 2628 epulas
1041 2541 1126 2606 iuter
1149 2541 1203 2629 pia
1226 2537 1363 2606 fundere
1384 2538 1491 2624 Divis,

559 2645 829 2733 Intempestivum
852 2667 936 2734 quae
958 2667 1126 2733 nunquam
1148 2666 1242 2711 orare
1263 2643 1405 2733 putavit:

560 2752 658 2818 Nune
680 2753 838 2819 moritura
859 2753 941 2839 Deo,
962 2753 1124 2820 venientis
1146 2751 1295 2842 praesoiu
1317 2751 1373 2818 leti

478 2882 527 2924 aa.
556 2859 759 2949 iamiamque
780 2860 942 2946 instantis,
964 2859 1089 2950 palmas
1113 2859 1155 2928 ad
1179 2859 1287 2927 sideru
1309 2859 1470 2948 tendens‚·

560 2966 717 3035 Reddidit
738 2991 838 3058 aegra
860 2969 1012 3056 animum,
1037 2968 1187 3058 laetoque
1209 2967 1272 3037 hoe
1294 2968 1358 3037 line
1380 2969 1512 3058 quievit,

561 3075 696 3144 Grande
718 3077 770 3143 eui
793 3076 991 3144 desiderium
1014 3076 1210 3165 famulisque
1232 3076 1418 3166 relinquens

561 3184 605 3249 Et
627 3183 786 3269 dominae,
807 3183 872 3250 huo
896 3185 1001 3271 petria
1023 3207 1121 3270 quam
1144 3205 1248 3272 nuper
1270 3183 1347 3250 sede
1369 3183 1484 3250 reliote

561 3288 687 3355 Ultima
708 3288 889 3358 Sarmatiae
910 3288 1065 3377 glacialia
1087 3288 1130 3354 ud
1146 3311 1233 3355 verva
1256 3299 1368 3356 secute
1389 3299 1447 3355 est

480 3419 529 3461 eo.
559 3396 647 3481 Ergo
669 3417 793 3461 memor
815 3415 947 3461 earmen
970 3393 1146 3461 defunotae
1167 3393 1230 3460 hoe
1252 3393 1395 3460 seribere
1417 3395 1521 3460 iussit

565 3692 573 3724 ¹
591 3696 717 3747 rorum
737 3698 877 3762 „posseut'⁸
898 3695 1006 3762 rorlprlt
1023 3697 1055 3748 n
1074 3695 1129 3758 ita,
1154 3702 1185 3747 ut
1209 3694 1260 3748 hoe
1283 3694 1451 3747 enuntiatum
1475 3693 1596 3762 proximo

455 3783 681 3836 subordinantur.

502 3883 504 3887 '
564 3870 670 3925 ¹Potui
694 3872 767 3925 huno
791 3888 898 3925 versum
922 3881 986 3925 aute
1010 3889 1036 3924 v.
1057 3871 1092 3927 14
1115 3873 1215 3937 locere,
1239 3871 1286 3925 sed
1309 3873 1360 3924 uls
1383 3871 1491 3939 singula
1512 3871 1596 3924 verbu

456 3959 706 4028 enuntiatomnlque
724 3960 845 4013 membre
862 3961 1030 4028 diseerpsndi
1048 3962 1283 4028 distorquendisque
1308 3959 1377 4013 ratio
1401 3959 1490 4012 audax
1514 3960 1596 4012 etlam

456 4048 524 4100 alibi
542 4048 612 4114 tpud
630 4050 760 4115 Royaiurn
777 4048 991 4115 deprehenditur.

920 4316 1134 4324 -ιι
