4109 5767
712 774 748 809 to
767 773 879 807 moesos
897 772 1045 807 struerem
1063 773 1254 815 ruruuuseser'u.
1492 753 1558 818 123

933 1050 1017 1120 .V.¹

523 1176 609 1240 Ante
632 1172 836 1260 snus·miles‚
858 1197 935 1239 cum
958 1175 1147 1240 mittebatur
1169 1175 1203 1240 in
1226 1174 1360 1261 hostem,

575 1279 683 1359 Quum
705 1279 839 1368 Scytha,
861 1301 960 1366 quum
975 1279 1138 1364 Moschus,
1161 1280 1220 1344 vix
1235 1280 1343 1344 minus
1358 1277 1460 1344 hostis
1476 1287 1556 1344 erut.

522 1385 665 1450 Vivebat
687 1394 780 1470 rapto
803 1396 844 1470 et,
867 1385 946 1450 sutis
969 1393 1136 1470 grassatus
1159 1385 1194 1449 in
1218 1385 1316 1470 agris,
1432 1447 1433 1452 ,

575 1487 728 1555 Audebot
750 1488 858 1556 media
880 1489 954 1554 luce
977 1489 1083 1554 rodiro
1106 1487 1248 1554 domum.

463 1620 489 1664 u.
519 1596 628 1685 Atque
651 1595 775 1663 uddone
799 1595 913 1664 sceleri
937 1595 1054 1682 scelus,
1077 1595 1148 1684 ipsu
1170 1595 1309 1663 infestus
1332 1595 1366 1662 iu
1391 1596 1471 1662 urbo

578 1704 661 1787 llrut3
684 1726 749 1792 quo
771 1713 860 1770 tutus
883 1726 978 1770 nomo
1002 1703 1130 1770 suronto
1155 1703 1225 1769 suit.

523 1811 622 1878 llunc
644 1810 788 1900 pulsans,
811 1811 904 1877 illum
928 1810 1080 1899 spolians,
1102 1811 1236 1900 impune
1258 1809 1393 1898 ferebat,

575 1919 743 2008 Quicquid
765 1918 925 2002 collibuit3
948 1918 1011 1984 hoo
1034 1917 1166 1985 licuisse
1189 1927 1290 2007 putat
1365 1927 1379 1991 ’,

522 2026 615 2090 Haec
637 2025 715 2090 olim
737 2028 825 2113 pessi
848 2027 948 2112 cives,
970 2024 1053 2091 hoec
1076 2025 1186 2112 Vilne,
1208 2025 1266 2090 scd
1288 2025 1359 2113 ipso

443 2153 489 2197 ro.
575 2131 869 2218 Te,.Ghotkievici,
892 2141 943 2198 est
960 2152 1050 2198 nuno
1073 2131 1158 2198 duce
1180 2139 1273 2220 portu
1295 2130 1396 2219 quies.

521 2238 591 2305 Noc
613 2238 677 2304 sibi
700 2238 773 2327 plus
795 2235 898 2327 miles,
920 2238 1047 2306 licitum
1071 2249 1121 2306 est
1143 2261 1241 2328 quem
1263 2236 1345 2328 lege,
1367 2237 1473 2308 licere,

575 2347 713 2436 Cogitet,
735 2346 871 2415 edoctus
894 2347 1041 2435 linquere
1064 2347 1182 2436 cuique
1206 2369 1310 2412 suum.

521 2455 569 2519 Te
593 2462 740 2521 metuens
762 2465 856 2543 rupto
878 2454 998 2520 desivit
1021 2455 1136 2521 vivere
1158 2453 1261 2538 miles,

575 2561 623 2625 Te
646 2571 794 2626 metuens
816 2561 921 2626 iustos
945 2559 1045 2626 discit
1067 2559 1186 2626 habere
1206 2563 1334 2624 'manus

440 2686 489 2728 rs.
520 2665 737 2750 consiliisque
759 2687 837 2730 suas
859 2665 1015 2730 cohibens
1038 2664 1227 2730 melioribus
1250 2664 1325 2748 ires,

576 2769 725 2856 Incepit¹
748 2791 845 2835 curus
868 2769 998 2835 civibus
1020 2790 1093 2834 esse
1115 2769 1192 2833 suis.

524 2874 605 2952 Hoc,
628 2873 934 2960 Chodkievioi,tibi
959 2874 1024 2940 fert
1047 2873 1203 2938 Lttueniu
1225 2872 1285 2937 soli
1381 2879 1384 2886 '

575 2983 769 3069 Acceptum
792 2979 889 3046 debet
911 2980 974 3046 hoc
995 3001 1123 3068 quoquo
1147 2979 1247 3044 Vilne
1270 2979 1338 3044 tibi.

521 3088 586 3155 Pro
608 3089 736 3176 quibus,
758 3087 847 3154 haud
870 3086 993 3173 dubito,
1023 3087 1149 3153 meritis
1172 3086 1232 3155 tibi
1263 3087 1407 3176 proemio
1432 3085 1557 3176 reddet,

323 3251 327 3256 .
440 3218 488 3261 oo.
571 3195 635 3277 Qui
660 3196 744 3282 regit
766 3194 910 3281 uethrul,
932 3205 1046 3261 tenens
1069 3195 1207 3270 numine¹
1227 3194 1340 3261 iuncto
1363 3217 1430 3260 suo.

949 3390 1023 3457 v1.⁴

523 3514 760 3583 Ohudkiovicio
783 3515 962 3602 Suiuogitiu
985 3514 1092 3601 debet,
1115 3513 1237 3582 Achilli

576 3621 695 3686 Inclita
716 3620 803 3709 quod
825 3620 991 3708 quondum
1014 3621 1164 3706 Graecia,
1187 3621 1291 3686 Βοωα
1312 3621 1449 3706 Numae,

405 3797 410 3808 ,
523 3726 565 3791 m
588 3725 840 3792 Lacedaemonii
863 3726 950 3815 quod
973 3737 1050 3792 sunt
1072 3726 1191 3792 dobere
1214 3727 1369 3816 Lycurgo
1399 3795 1401 3802 ,

575 3831 734 3918 Confessi,
755 3833 844 3919 leges
866 3834 940 3921 quis
962 3833 1054 3898 dedit
1075 3832 1132 3898 ille
1155 3855 1240 3898 suus.

463 3958 490 4001 e.
519 3937 581 4002 Est
602 3938 723 4002 etenim
745 3937 864 4022 bellax,
887 3947 937 4002 est
959 3937 1127 4024 religionis
1151 3947 1275 4001 ametor
1349 3945 1351 3950 '
1379 3971 1402 3980 ··

574 4042 794 4130 Iustitieeque
817 4043 922 4109 tribus
945 4041 1032 4130 quod
1056 4042 1128 4127 fuit,
1151 4063 1236 4107 nnus
1258 4041 1365 4108 hebet
1482 4049 1485 4057 '
1542 4049 1545 4056 '

523 4281 631 4335 ‚¹Corn.
650 4281 703 4336 276
726 4305 751 4327 ε
774 4297 825 4334 ore.
847 4280 898 4335 162
916 4299 956 4350 sq.

523 4371 602 4425 'Mn
623 4373 760 4439 ,iucipit“.

523 4460 597 4516 'Sic
614 4479 663 4514 mu
683 4464 809 4514 Portuno
831 4460 921 4526 ,αἰὲν
941 4462 1084 4528 legendum
1103 4466 1151 4512 est.

523 4550 534 4582 ⁴
553 4552 629 4604 Hueo
648 4552 709 4617 tric,
727 4567 796 4618 quse
814 4552 860 4603 hic
877 4557 1061 4618 proponuntur
1076 4551 1197 4602 carmine
1209 4551 1278 4616 (Vl-
1295 4551 1378 4615 vill),
1396 4557 1504 4604 exstent
1516 4565 1558 4603 se·

416 4641 533 4708 perutim
551 4641 580 4692 in
597 4641 666 4694 libro
685 4657 756 4694 corn.
775 4659 819 4709 pg.
838 4639 901 4706 264,
919 4641 947 4692 in
965 4657 1017 4692 ees.
1037 4657 1080 4707 pg.
1101 4637 1160 4694 148.
1179 4639 1404 4692 Praescribuntur
1421 4640 1460 4691 eis
1480 4640 1559 4694 huc:

418 4730 475 4795 „Ad
493 4732 531 4782 10,
551 4730 773 4794 (lhotkiericium,
792 4731 880 4782 rtrum
897 4729 1038 4794 illustrem,
1057 4729 1085 4780 in
1104 4729 1201 4782 Sklovo
1220 4735 1249 4780 et
1266 4731 1342 4795 Myse
1357 4729 1489 4793 comitem,
1508 4729 1556 4782 Sc-

415 4819 543 4887 nogium
561 4820 736 4887 preelectum,
754 4821 882 4872 Livonice
894 4821 1081 4886 imperatorem
1094 4835 1234 4884 summum,
1253 4819 1397 4871 litucnice
1409 4819 1557 4871 numest-
