4109 5767
694 812 817 851 simonia
837 814 965 851 russam
982 813 1010 849 us
1027 813 1080 850 oss.
1099 813 1250 851 uersuum
1270 814 1287 848 ι.
1498 796 1561 863 107

420 884 523 909 a
536 887 596 896 --.
621 886 641 893 κ.
651 886 662 893 -
872 886 917 893 a...
991 886 995 891 r
1083 885 1127 891 —-
1138 885 1244 893 -ι--ι

534 896 833 907 -ῌ--ιι-ο--υ-
839 896 1124 905 ο--ι---ψ--η--ι-

525 1014 658 1080 Dextra
679 1034 790 1078 ensem
812 1034 907 1079 verso
926 1010 963 1077 in
985 1020 1107 1077 terrum
1130 1032 1285 1079 mucrone
1308 1009 1464 1077 ferebat1.

524 1120 615 1186 Pone
638 1117 726 1185 subit
749 1119 886 1204 iuvenis,
909 1128 1039 1185 scutum
1063 1118 1118 1205 qui
1142 1126 1249 1205 portat
1271 1127 1304 1183 et
1325 1116 1453 1183 hastam

526 1225 674 1294 Obverso
695 1226 730 1291 in
752 1234 873 1293 terram
896 1224 991 1291 ferro.
1022 1223 1225 1291 Tristissimus
1248 1232 1382 1312 uterque

525 1334 609 1399 Fata
631 1332 833 1421 Sigismundi
856 1333 996 1418 signant,
1018 1372 1063 1381 —
1086 1353 1161 1397 cum
1183 1331 1253 1397 vita
1274 1330 1435 1419 manebat,

485 1486 493 1507 .
527 1438 665 1507 Adsueti
688 1460 753 1505 uon
775 1438 838 1505 bac
862 1439 969 1527 specie
992 1439 1079 1505 serre
1102 1460 1193 1504 arma
1214 1438 1374 1527 virosque⁴

526 1546 667 1637 Surgere
688 1547 723 1613 in
746 1547 900 1614 adversos
923 1547 1120 1635 inimicaque
1143 1545 1281 1615 fundere
1304 1555 1419 1615 castra

615 1656 694 1724 Post
714 1654 774 1723 hos
797 1655 867 1723 ibat
888 1678 986 1745 eques
1008 1654 1110 1741 reguli
1134 1654 1269 1722 indutus
1292 1656 1423 1743 amictu,

526 1763 616 1834 Oulo
638 1787 735 1853 quem
757 1786 927 1853 procorum
951 1764 1098 1853 sequitur
1120 1786 1323 1853 magnusque
1345 1772 1485 1831 senatus.

616 1871 780 1951 Quattuor
800 1870 856 1937 bic
877 1873 1003 1959 patriae
1024 1871 1066 1937 de
1089 1892 1177 1937 more
1200 1872 1342 1959 insignia
1360 1871 1453 1958 regni

485 2028 493 2044 .
527 1976 758 2045 Sauromatum
780 1978 876 2066 primi
900 1986 1042 2066 portant:
1066 1976 1121 2043 ille
1143 1978 1284 2065 optimus
1306 1978 1416 2063 aruris,

525 2083 586 2152 Ille
608 2084 791 2172 animisque
812 2085 928 2171 ingens
950 2083 1100 2173 belloque
1122 2082 1295 2173 imperdita
1316 2084 1431 2171 virtus,

525 2192 740 2277 Tamoviusl,
762 2191 855 2277 regni
877 2190 1020 2279 praefert
1041 2192 1179 2279 insigne,
1202 2212 1368 2274 coronam3

525 2298 720 2387 Omituque⁸
741 2298 969 2387 magnanimus
992 2301 1166 2386 sceptrum,
1189 2298 1385 2363 fortissimus
1407 2297 1511 2386 heros,

526 2405 605 2473 Sese
626 2406 716 2471 ausis
737 2404 853 2473 tollens
875 2416 907 2473 et
929 2404 1046 2472 cedere
1069 2406 1199 2473 nescius
1222 2405 1294 2488 ulli3

485 2562 493 2577 .
527 2509 648 2579 Orbem
671 2532 751 2576 auro
773 2510 946 2597 gravidum
968 2510 1176 2597 Tencinius⁴‚
1198 2510 1253 2579 ille
1275 2532 1407 2578 severus

526 2617 594 2684 Ora
617 2640 718 2683 senex
740 2627 773 2683 et
795 2616 940 2683 consiliis
963 2639 1028 2682 non
1052 2616 1187 2683 ultimus
1209 2626 1330 2684 auctor.

526 2724 604 2789 Fert
626 2722 772 2811 gladium
795 2722 960 2790 Volscus⁸
980 2723 1099 2789 florens
1122 2722 1293 2813 cultusque
1315 2724 1456 2789 iuventa.

615 2829 722 2897 'Prista
744 2828 863 2897 deinde
886 2829 959 2897 urbi
984 2829 1088 2897 femur
1109 2828 1311 2897 lacrimabile
1335 2830 1444 2916 funus,

527 2937 690 3006 llxstincti
713 2937 800 3023 regis
823 2938 949 3005 cinctos
970 2947 1003 3004 et
1025 2937 1143 3006 flebilis
1166 2960 1256 3003 urna

486 3098 494 3114 .
528 3046 666 3115 contum
689 3046 832 3115 lrumcm
847 3046 956 3115 obnixi
979 3046 1092 3115 heroos
1116 3046 1244 3115 surbiero
1268 3046 1435 3131 lomtrurm

526 3156 618 3226 Mille
641 3157 729 3227 luteos
753 3158 886 3247 circurn,
909 3181 990 3248 quus
1013 3156 1078 3225 sort
1100 3166 1205 3225 utrutsu
1228 3158 1388 3246 iuventus,

527 3267 615 3334 Hinc
638 3278 736 3358 atque
759 3267 836 3335 inde
858 3268 989 3335 micant
1016 3268 1088 3335 Rex
1112 3266 1167 3336 bic
1189 3268 1424 3335 maestissimus
1447 3267 1516 3335 ibat

527 3372 707 3461 Augustus,
730 3375 896 3461 patrisque
917 3375 1005 3441 idem
1027 3374 1070 3441 de
1093 3376 1223 3441 nomine
1246 3374 1363 3459 dictus,

526 3477 620 3561 Rure,
643 3477 883 3564 sigismundus,
906 3500 1000 3543 sacro
1022 3479 1102 3543 dum
1125 3480 1264 3564 tingitur
1285 3476 1404 3543 infans.

485 3629 492 3646 .
526 3581 648 3646 Tristia
670 3585 738 3647 lata
760 3583 862 3669 patris
883 3582 1029 3650 lacrimis
1051 3582 1142 3649 velut
1164 3581 1267 3648 imbre
1290 3582 1409 3648 volutis

527 3687 599 3754 Ora·
617 3709 675 3775 per
697 3698 795 3777 atque
816 3710 918 3775 genas
940 3689 1088 3777 queritur
1110 3688 1299 3776 plangitque
1323 3688 1486 3775 querendo

526 3794 727 3883 Pectoraque
749 3794 890 3860 assiduis
912 3804 1046 3885 quassat
1068 3794 1266 3879 singultibus
1289 3816 1395 3881 aegra.

526 3900 615 3967 Pone
637 3900 726 3967 subit
747 3902 848 3985 Bona,
870 3900 1079 3969 Sforciadum
1101 3923 1181 3987 gens
1203 3900 1343 3989 indeque
1366 3912 1474 3969 natae:

527 4006 620 4073 Haec
642 4007 756 4074 orbata
778 4009 895 4094 virum,
917 4008 1018 4097 patris
1042 4007 1117 4075 illae
1140 4006 1240 4073 funus
1263 4008 1363 4073 amati

421 4134 491 4179 sss.
525 4113 656 4203 Ingenti
677 4114 791 4203 lugent
813 4114 947 4203 planctu
970 4114 1178 4202 lacrimisque
1201 4124 1388 4203 sequuntur.

527 4344 537 4377 ¹
555 4346 668 4401 thetur
685 4347 833 4401 cassidem
852 4347 951 4401 Paulus
968 4348 1059 4414 Tatio,
1088 4348 1133 4416 qui
1156 4354 1251 4416 postes
1268 4345 1388 4401 clericali
1410 4346 1496 4399 ordini
1515 4346 1561 4400 ad·

418 4437 534 4505 scriptus
552 4454 576 4490 a.
597 4434 666 4493 1561
686 4438 826 4506 episcopus
846 4438 1037 4507 beopolltmus
1058 4440 1147 4491 laetus
1165 4444 1214 4492 est

526 4524 538 4558 ³
555 4530 678 4591 loannes,
695 4544 835 4596 supremus
854 4529 982 4582 Polouiae
997 4530 1153 4597 imperatur,
1172 4528 1215 4581 cui
1230 4530 1328 4597 Magno
1340 4543 1487 4596 cognomen
1500 4528 1560 4580 tuit

527 4614 651 4671 'Petrus
670 4619 767 4683 (imita,
787 4624 842 4671 tum
862 4618 999 4687 palatinus
1017 4618 1213 4671 Cracovlensle.

526 4704 707 4759 ‘dtanlslaus
725 4706 903 4774 Tencsydskl,
922 4714 979 4760 tum
997 4706 1162 4760 castellanus
1179 4706 1369 4775 Leopollensls.

526 4790 649 4847 'Petrus
668 4794 792 4847 Dcninus
812 4794 916 4847 Weiskl
937 4812 1003 4848 ιω.
1023 4794 1141 4865 bsqut,
1160 4801 1255 4863 postca
1272 4795 1349 4867 regni
1368 4792 1560 4849 viceuuoella·

418 4880 474 4934 rius
492 4889 521 4935 et
538 4882 678 4955 episeopus
696 4882 843 4937 Plocensis.
