4109 5767
864 768 1078 806 curuamcnou.

509 959 723 1048 Oeoropiique
743 961 906 1028 Draconis
929 982 1044 1026 amane
1066 960 1208 1047 iustique
1230 958 1367 1046 Solonio,

510 1067 567 1133 Bia
589 1090 688 1135 aenue
709 1076 741 1136 et
763 1067 919 1156 quioquid
942 1066 1108 1153 quondam
1131 1067 1279 1134 eeoinere
1300 1066 1447 1154 tabellae,

508 1173 655 1264 Indeque
676 1197 760 1263 qnae
782 1184 928 1242 nostrum
950 1173 1125 1263 prudentia
1146 1174 1243 1240 fluxit
1264 1174 1308 1240 ad
1330 1197 1457 1262 aevum,

510 1280 611 1347 Haud
632 1283 769 1369 passuri,
792 1281 902 1348 audax
925 1283 1023 1349 iaotet
1047 1303 1107 1347 aua
1130 1280 1284 1368 dogmata
1306 1281 1393 1349 Saxo

398 1407 475 1452 aee.
507 1386 668 1455 Sarmatia
688 1387 724 1454 in
747 1409 867 1474 magna
888 1385 1113 1476 praesentibus
1135 1385 1274 1474 ampline
1297 1388 1401 1453 annia.

511 1493 584 1559 Hoo
605 1501 638 1559 et
660 1492 817 1559 Marieiue
829 1497 850 1580 ¹,
873 1492 990 1559 studiis
1012 1492 1152 1580 insignis
1174 1491 1306 1579 eisdem,

511 1598 585 1681 Quo
607 1598 738 1667 dootore
759 1599 861 1666 bonos
884 1609 969 1667 artes
991 1607 1058 1686 tua,
1081 1598 1240 1686 Sarmata,
1262 1599 1366 1689 pnbee

452 1709 455 1720 '
510 1707 624 1796 coepit
645 1717 678 1774 et
699 1707 859 1796 ingenuae
882 1707 978 1775 modo
1001 1706 1127 1775 dieoere
1149 1707 1349 1796 disciplinae,

512 1814 585 1880 Hoo
605 1815 781 1901 eooiique¹,
803 1814 921 1881 dooent
943 1813 999 1902 qui
1023 1813 1097 1880 nrbi
1120 1813 1197 1880 data
1219 1815 1293 1880 iura
1315 1815 1457 1901 Quirini,

397 1937 476 1984 eeo.
510 1917 631 1983 Vende
652 1918 710 1984 nbi
733 1941 768 1986 ee
788 1919 919 2004 viatrix,
941 1941 1095 1984 verorum
1116 1920 1233 2005 ignara
1254 1920 1409 2005 Deorum,

511 2023 639 2109 Regina
660 2021 787 2109 infelix,
808 2023 850 2088 ob
873 2022 1071 2108 virginitatis
1092 2011 1248 2089 honorem

511 2125 657 2192 Viotime
679 2137 826 2193 eervatae
849 2125 973 2192 mediae
995 2125 1116 2193 abieoit
1137 2127 1173 2191 in
1196 2127 1310 2193 undae

600 2231 728 2300 Peonoa
750 2232 829 2321 quid
844 2257 864 2298 o
879 2231 1013 2318 Thomu,
1030 2231 1107 2317 quid
1122 2232 1240 2319 Briooi,
1255 2231 1412 2322 parvulae
1428 2233 1545 2321 anguie

512 2337 574 2406 cui
596 2337 653 2405 dat
675 2339 896 2427 eognomen⁸?
918 2339 1054 2406 Vestrae
1077 2339 1236 2406 advertite
1257 2349 1391 2426 meutee,

398 2467 478 2512 uuo.
513 2443 674 2534 Quodque
695 2447 742 2534 pii
766 2447 857 2514 fortis
879 2468 945 2512 non
967 2445 1044 2513 fioto
1066 2455 1196 2535 pectore
1218 2467 1349 2532 numen,

511 2553 656 2620 Aeserite
678 2564 711 2621 et
732 2553 870 2620 Romam
892 2553 990 2620 diotie
1012 2551 1174 2620 celebrate
1195 2552 1352 2620 faventes.

512 2659 810 2746 Probooeevioiuo⁴‚
834 2661 924 2727 novit
946 2683 1010 2748 quo
1033 2659 1142 2727 sidera
1164 2682 1258 2727 nemo

511 2767 639 2835 Oertiue
662 2778 719 2834 aut
741 2767 823 2834 oaeli
845 2778 952 2834 metue
973 2777 1176 2856 venturaque
1198 2767 1275 2854 fata,

512 2873 644 2964 Illoque7
666 2876 721 2942 oni
743 2885 911 2964 praestana
933 2876 1079 2942 Armene
1101 2873 1272 2943 Sebuatia¹⁵
1294 2897 1413 2942 nomen

404 3003 479 3049 aeo.
514 2982 612 3071 Indit,
633 2982 817 3051 Aristotelia
841 2982 958 3050 studiis
980 2992 1077 3072 atque
1099 2981 1224 3049 artibus
1246 3005 1323 3050 aeer

513 3091 582 3157 Nee
605 3112 698 3158 suero
720 3091 828 3157 minue
851 3089 986 3179 eloquio,
1009 3099 1108 3157 -et
1130 3089 1312 3157 Bendoriue
1335 3113 1457 3179 aeqnue

512 3193 628 3262 Gentis
651 3219 827 3284 amansque
849 3218 928 3262 anae
950 3205 983 3262 et
1005 3196 1120 3280 oultor‚
1142 3198 1200 3282 qni
1222 3205 1254 3262 et
1276 3194 1394 3262 nobilia
1417 3218 1509 3262 areae

512 3299 692 3365 Oraooviae
714 3299 756 3365 ad
780 3299 883 3365 oeleae
906 3299 1025 3386 pubem
1049 3299 1189 3364 somnam
1210 3297 1362 3386 polonam

511 3402 648 3469 Artibus
669 3404 822 3489 ingenuis
845 3411 877 3468 et
899 3401 1056 3489 religione
1078 3401 1197 3487 uoletis,

399 3527 478 3572 nee.
513 3507 587 3572 Non
609 3505 669 3572 hae
691 3508 726 3572 in
749 3516 857 3594 partae
880 3507 1016 3592 abiistis,
1038 3528 1126 3572 vana
1148 3504 1269 3593 quibua
1290 3528 1371 3593 gene

512 3611 593 3677 Veri
615 3621 711 3700 eapte
734 3611 813 3676 furit
836 3612 1018 3699 mentisque
1040 3611 1162 3676 ineanit
1183 3632 1296 3698 egena,

515 3891 523 3922 ¹
542 3893 634 3947 Simon
651 3894 685 3946 de
697 3894 799 3956 Filena,
812 3895 946 3961 proieeeor
955 3892 1101 3946 rhetorice·
1113 3892 1269 3946 academiae
1278 3893 1457 3946 eraeovieneie
1470 3893 1549 3945 iuria·

396 3997 458 4050 -que
470 3982 580 4049 peritae.
600 3984 677 4036 Cant.
696 3983 749 4035 mei
767 3983 840 4047 libri,
858 3999 883 4049 q.
902 3983 920 4033 ἰ.
939 3984 1080 4048 Royeyuee
1097 3999 1142 4049 pg.
1160 3979 1205 4046 54,
1224 3979 1249 4035 5.

512 4067 523 4100 ¹
541 4071 600 4124 eeu.
619 4087 672 4122 nou
691 4078 756 4124 euna
773 4073 886 4139 petauri.

402 4223 403 4226 Ἰ
513 4156 666 4214 'Gareuue
684 4160 806 4213 Brieeiue
836 4160 893 4213 eive
912 4160 1034 4213 Briooiue
1052 4159 1085 4212 de
1109 4161 1192 4224 Gara,
1214 4161 1370 4228 Hunguue,
1392 4159 1547 4214 eeedemiee

400 4264 509 4303 ωπον.
529 4251 670 4318 proseeeor.
689 4250 770 4303 liber
787 4250 863 4319 dilig.
882 4267 925 4319 pg.
944 4248 1005 4304 406.

399 4391 401 4396 ,
511 4337 523 4370 ⁴
541 4341 637 4395 renue
655 4341 892 4406 Proboeaeaowiee,
903 4340 1059 4395 academiae
1070 4339 1250 4394 eraoavieneie
1262 4339 1548 4409 preieeeorelerueqoe

405 4428 457 4482 hoe
475 4437 594 4500 tempore
611 4429 770 4500 astrologum

513 4516 658 4572 'Armeno
681 4520 739 4574 eive
763 4523 880 4573 Armene
903 4529 963 4574 eret
987 4521 1113 4589 oppidum
1138 4527 1284 4588 portaeque
1308 4536 1389 4589 prope
1413 4519 1547 4588 Sinopen.

402 4609 457 4664 aed
476 4609 528 4663 hoo
545 4609 604 4663 loeo
621 4610 713 4678 egitur
730 4611 819 4679 potine
837 4611 871 4664 de
888 4611 1016 4664 Armenia
1033 4611 1159 4665 Sebeetia
1183 4611 1201 4662 i.
1226 4628 1250 4665 e.
1274 4611 1308 4664 de
1326 4611 1392 4664 urbe
1410 4610 1548 4662 Armenio·

394 4716 474 4764 sum,
498 4700 638 4752 Armeniae
662 4707 754 4752 autern
779 4700 894 4753 mediam
919 4718 934 4753 e
958 4699 1042 4753 hebet
1061 4701 1175 4754 brevem.
1209 4702 1336 4753 Fortem
1356 4700 1484 4752 Ameria
1506 4705 1549 4752 eet

394 4787 577 4840 vscribendum
595 4792 623 4839 ei
641 4787 727 4840 tribue
746 4787 857 4854 eylleble
869 4788 1039 4840 efferendam.
1058 4789 1192 4852 Ceterum,
1204 4802 1346 4853 quemnam
1357 4787 1548 4840 semaam
