4109 5767
983 770 1116 840 146
1928 762 2082 797 vnvm
2121 761 2314 797 uovzu.

981 835 1598 880 ff

1374 959 1616 1026 Munus
1663 955 1720 1018 si
1764 953 1885 1018 tibi
1930 951 2383 1040 qualecunque
2429 962 2722 1016 nostrum

1036 1104 1134 1152 so.
1195 1077 1555 1157 Acceptum
1603 1061 1817 1149 fuerit,
1862 1059 2106 1150 putabo
2154 1082 2378 1126 musas

1197 1183 1469 1253 Nostras
1513 1195 1656 1241 esse
1700 1169 1947 1261 aliquid
1996 1192 2118 1238 nec
2165 1169 2526 1259 indecoras,

1197 1295 1382 1379 Quae
1427 1297 1492 1354 tc
1536 1282 1906 1376 pontificem
1953 1280 2196 1349 bonum
2245 1282 2553 1374 piumque

1196 1408 1451 1473 Iustum
1496 1395 1868 1488 pontificem
1914 1393 2186 1484 Dcoque
2232 1415 2458 1461 carum

1197 1511 1666 1593 Delectentque
1713 1504 2084 1591 iuventque.
2144 1502 2550 1570 Consecutus

1031 1650 1134 1695 ss.
1193 1616 1381 1687 Istud
1427 1615 1484 1679 si
1532 1613 1717 1677 fuero
1762 1621 1875 1676 tuo
1922 1610 2169 1695 favore,

1199 1721 1397 1792 Haud
1444 1740 1547 1785 me
1593 1716 1815 1808 lydius
1861 1717 2078 1782 aureis
2124 1717 2340 1783 arenis

1197 1824 1503 1898 Pactolus
1548 1823 1711 1909 beet,
1757 1822 1935 1888 haud
1982 1845 2137 1888 suas
2185 1823 2537 1914 Hydaspes

1198 1937 1445 2006 Flavus
1492 1931 1727 1998 fundat
1771 1954 1924 2020 opes
1969 1929 2276 2018 Tagusve
2322 1930 2528 2016 dives,

1196 2043 1328 2125 Qui
1373 2039 1774 2106 tartessiacis
1818 2038 2025 2104 fluens
2073 2039 2155 2103 ab
2201 2039 2333 2103 oris

1026 2179 1130 2224 so.
1189 2151 1346 2217 Sese
1389 2145 1775 2232 praecipitat
1818 2146 2105 2230 petitque
2150 2155 2438 2230 pontum,

1194 2251 1410 2319 Undis
1457 2248 1931 2314 auricoloribus
1956 2255 1975 2291 ¹
2020 2249 2373 2336 refulgens,

1196 2357 1476 2425 Flumen
1522 2377 1654 2420 non
1699 2354 2088 2442 Arimaspus
2109 2360 2134 2398 ¹
2179 2377 2343 2421 arva
2387 2354 2645 2420 findens

1199 2462 1542 2530 Horrentis
1588 2460 1899 2551 Scythiae
1946 2461 2093 2527 lacu
2141 2461 2348 2528 beato.

1199 2572 1385 2637 Haec
1430 2577 1875 2656 contempsero
1918 2591 2077 2656 prae
2122 2578 2234 2634 tuo
2283 2571 2526 2656 favore,

1024 2708 1127 2752 ss.
1187 2674 1458 2745 Praesul
1507 2674 1874 2763 Valeriane,
1920 2688 2019 2742 ter
2064 2689 2438 2767 quaterque,

1195 2785 1404 2870 Felix,
1452 2783 1817 2871 Valeriane,
1864 2794 1962 2850 ter
2007 2796 2378 2874 quaterque.

1702 3000 1770 3049 ln
1816 3010 2118 3051 stemma
2166 2997 2538 3052 eiusdem⁸.

2083 3107 2171 3172 ΙΙ.

1197 3232 1439 3321 Aspice
1485 3230 1807 3320 fulgentes
1854 3231 2072 3299 stellas
2117 3231 2471 3322 lunamque
2517 3233 2883 3320 micantem,

1303 3341 1489 3421 Quae
1534 3340 1835 3407 tenebras
1885 3342 2159 3408 vincunt
2204 3341 2680 3429 restituuntque
2725 3341 2925 3407 diem:

1198 3448 1534 3513 Hactenus
1581 3448 1650 3513 in
1695 3447 1910 3515 lucem
1958 3450 2060 3514 ius
2108 3448 2345 3515 Vilnae
2389 3448 2647 3538 praesul
2691 3448 2992 3535 habebat,

1304 3554 1538 3620 Noster
1584 3565 1650 3621 et
1692 3556 1759 3621 in
1807 3566 2066 3622 noctem
2113 3554 2506 3622 Valerianus
2552 3555 2764 3623 habet.

2067 3748 2191 3813 ΙΙΙ.

1200 3869 1463 3934 Erranti
1512 3869 1783 3935 dubium
1832 3871 2035 3938 stellis
2083 3883 2155 3937 ut
2202 3882 2426 3960 saepta
2471 3873 2758 3938 coruscis

1304 3973 1495 4039 Luna
1540 3976 1773 4041 viatori
1822 3976 2106 4042 candida
2153 3987 2468 4043 monstrat
2512 3978 2658 4045 iter:

1200 4205 1217 4235 ¹
1258 4222 1354 4257 ms.
1396 4208 1545 4270 „auri
1582 4208 1901 4261 coloribus“.
1946 4208 2195 4260 Ceterum
2233 4209 2408 4274 ipsum
2445 4210 2770 4262 adiectivnm
2807 4209 3075 4262 auricolor
3113 4223 3265 4262 serae

977 4295 1277 4350 latinitatis
1315 4304 1411 4347 est.

1197 4385 1219 4418 ⁸
1259 4386 1341 4437 De
1365 4386 1645 4454 Arimaspe
1676 4387 1891 4439 flumine
1917 4388 2053 4439 nihil
2080 4388 2302 4441 tradunt
2328 4389 2561 4456 antiqui3
2599 4389 2833 4455 Royzius
2861 4387 3069 4439 Lucani
3094 4387 3129 4439 1.
3151 4387 3271 4453 vn,

980 4493 1035 4528 v,
1075 4472 1183 4528 756
1220 4466 1310 4543 agi
1347 4475 1412 4527 de
1449 4479 1729 4545 Arimaspo
1766 4478 1982 4529 flumine
2020 4479 2324 4545 suspicatus
2364 4495 2480 4530 esse
2517 4478 2743 4531 videtur.
2800 4478 3022 4546 Antiqui
3061 4484 3273 4531 tantum

977 4565 1049 4617 do
1086 4565 1488 4632 Arimasporum
1526 4576 1686 4634 gente
1723 4568 1779 4618 in
1816 4568 2070 4633 Scythiae
2108 4569 2325 4620 remotis
2364 4569 2670 4635 regionibus
2709 4568 3040 4620 fabulantur.

1200 4652 1222 4682 ⁸
1258 4656 1412 4707 Corn.
1452 4655 1557 4708 222
1598 4675 1674 4723 sq.
1714 4680 1761 4701 ι-
1798 4674 1900 4708 oss.
1944 4656 2064 4709 101.
2123 4657 2400 4709 Valeriani
2449 4659 2836 4710 Protaszewicz
2884 4667 3127 4722 stemma,
3178 4672 3272 4708 no·

981 4744 1127 4795 mine
1166 4746 1461 4810 Drzewica‚
1498 4747 1738 4798 continet
1763 4747 1819 4797 in
1856 4747 2034 4798 caesio
2074 4764 2263 4814 campo
2302 4747 2485 4799 lunam
2523 4763 2744 4799 auream
2779 4748 3030 4800 cornibus
3056 4762 3270 4799 sursum

979 4834 1178 4886 erectis
1215 4835 1355 4887 inter
1391 4835 1525 4887 duas
1563 4853 1755 4888 aureas
1793 4838 1979 4889 stollas
2023 4854 2188 4903 supra
2237 4846 2292 4889 et
2340 4839 2484 4888 iufra
2520 4838 2745 4888 eandem
2781 4836 3090 4889 collocatas.
