4109 5767
538 789 604 855 230
797 823 800 832 ·
1013 805 1091 840 reses
1110 805 1198 841 sessu

644 997 842 1070 Audendum
865 996 969 1064 discet
991 997 1056 1064 sibi
1078 996 1125 1064 nil
1149 997 1292 1064 Iudaeus
1313 997 1464 1086 Apellae,

646 1106 719 1177 Non
743 1105 847 1173 ullum
870 1115 995 1173 tentare
1018 1105 1120 1193 nefas,
1143 1128 1209 1173 non
1230 1104 1377 1195 linquere
1399 1105 1575 1196 Christum,

563 1236 611 1281 ru.
641 1253 684 1264 -
708 1213 793 1291 Proh
817 1213 921 1281 dolori
944 1253 988 1264 -
1011 1225 1044 1281 et
1067 1215 1170 1280 saeris
1193 1237 1263 1281 sese
1285 1215 1445 1283 ineestare
1467 1216 1628 1306 nefandis,

645 1321 826 1393 Sollicitare
848 1322 921 1390 Deo
944 1344 1074 1390 eaerum
1097 1346 1210 1410 genus.
1240 1322 1379 1412 Ignibus
1402 1347 1504 1391 unum

645 1432 806 1500 Omnibus
826 1441 858 1499 et
881 1430 985 1498 sioula
1008 1431 1146 1518 dignum
1169 1431 1247 1497 olim
1272 1432 1424 1499 auierre²
1446 1432 1570 1521 saville,

645 1538 824 1612 Infandum
847 1536 953 1604 seelus
976 1549 1009 1605 et
1031 1537 1131 1604 nullis
1154 1537 1292 1605 delebile
1314 1539 1444 1606 saeolist

644 1645 757 1734 Stulte,
781 1645 844 1712 alio
867 1669 932 1712 nou
955 1645 1030 1733 hue,
1053 1647 1150 1732 Saxo,
1173 1658 1230 1713 tua
1253 1644 1350 1713 belua
1372 1647 1499 1713 Lernae

561 1775 610 1819 so.
641 1753 801 1819 Mittenda
823 1763 885 1836 est3
908 1751 1025 1819 eolitnr
1047 1753 1142 1818 iustis
1165 1752 1220 1818 hie
1243 1751 1369 1840 legibus
1393 1753 1511 1837 aether,

644 1859 720 1924 Una
742 1859 832 1945 fides,
855 1859 947 1925 Deus
970 1881 1056 1925 unus
1078 1868 1111 1925 et
1134 1880 1235 1923 unum
1259 1869 1366 1924 oetora
1387 1881 1521 1924 numen:

619 1965 719 2032 ·Hoo
741 1988 809 2053 rex,
840 1964 902 2032 hoo
925 1964 1064 2054 populus
1088 1966 1233 2054 sequitur
1255 1986 1457 2053 magnusque
1486 1977 1623 2032 senatus
1633 1969 1672 2032 ⁸..

644 2423 654 2456 ¹
674 2425 734 2477 Nou
753 2424 825 2492 ipsos
842 2425 956 2477 ludaeos
980 2425 1027 2476 sod
1047 2440 1138 2477 eorum
1165 2424 1267 2476 similes
1293 2423 1413 2475 homines
1437 2423 1637 2490 superstitiosos
1656 2431 1686 2476 et

538 2514 613 2568 leves
632 2515 764 2587 designat.
784 2515 825 2566 Oi.
846 2516 941 2567 Horat.
961 2516 1015 2567 Sat.
1036 2517 1058 2579 1,
1077 2513 1103 2580 ὃ,
1123 2513 1182 2568 100.

646 2603 713 2671 'Ut
738 2605 817 2658 metri
842 2605 948 2674 legibue
974 2604 1155 2671 satisfaceret,
1180 2604 1343 2656 infinitivum
1368 2603 1487 2660 aetirum
1513 2619 1561 2670 pro
1577 2603 1686 2671 passivo

541 2709 680 2762 perperene
699 2694 815 2748 admisit.
835 2695 959 2747 Ueterum
979 2693 1187 2764 interpungendi
1207 2692 1285 2745 huius
1304 2693 1356 2746 ioei
1375 2693 1445 2745 ratio
1463 2709 1524 2745 mea
1542 2701 1591 2758 est,
1613 2708 1683 2760 quae

539 2784 610 2836 enim
629 2785 657 2838 iu
676 2784 793 2836 editione
811 2791 909 2852 enatat,
929 2783 1038 2836 tolerari
1057 2799 1110 2835 nou
1129 2783 1224 2850 potuit.

646 2871 736 2927 'Hor
754 2889 833 2930 versu
852 2873 951 2925 desinit
970 2873 1052 2924 tertia
1069 2872 1195 2925 editionis
1213 2872 1331 2940 pagella,
1356 2886 1412 2939 qua
1435 2878 1545 2924 notatur
1568 2871 1682 2938 proximi

539 2976 632 3014 versus
651 2977 704 3013 vox
721 2963 817 3028 prima:
836 2959 966 3026 senatun'
980 2962 1052 3024 Quot
1070 2961 1138 3011 lolia
1154 2961 1326 3026 deperierint,
1345 2961 1477 3012 insertum
1495 2967 1545 3011 est.
1564 2959 1685 3024 aequem

539 3049 639 3116 pagins
657 3049 765 3101 ultimos
784 3049 838 3100 iam
856 3058 954 3100 remur
968 3047 1170 3114 epigrammatis
1190 3049 1289 3099 annexi
1307 3047 1424 3098 exhibet.
