4109 5767
573 928 656 994 Vidi
677 929 774 1017 plena
795 930 891 995 annia
913 939 945 996 et
967 951 1080 996 eorum
1103 930 1239 1018 pignora
1260 929 1351 996 felix.

494 1059 541 1102 ιο.
572 1037 638 1102 Rea
660 1044 800 1102 nectare
822 1036 903 1101 forie
927 1036 1043 1101 sortem
1066 1057 1139 1101 aum
1162 1057 1259 1124 paeea
1281 1035 1447 1101 maritum:

575 1141 644 1210 Sub
667 1152 752 1210 teuto
773 1141 854 1208 mibi
876 1164 957 1208 eura
980 1142 1052 1226 suit,
1074 1163 1158 1229 quae
1181 1151 1271 1208 reeta
1291 1151 1455 1229 gerantur.

573 1248 676 1313 Arma
698 1249 805 1315 viret
826 1248 880 1313 vir
901 1269 1001 1334 eqnoe
1024 1257 1058 1313 et
1079 1246 1194 1332 longae
1218 1255 1369 1312 ebenuua
1391 1245 1501 1312 heatae

574 1351 758 1436 Tractabat,
781 1351 925 1418 aalatboe
948 1352 1044 1417 uxori
1066 1361 1099 1416 et
1120 1373 1222 1438 penea
1243 1349 1421 1436 Minervae,

573 1456 713 1544 Pingere
735 1478 797 1523 acu
821 1456 965 1524 studium
988 1478 1171 1545 parvaeque
1193 1455 1331 1522 adnuere
1353 1457 1479 1521 natael.

493 1584 539 1629 re.
573 1563 636 1629 Hie
659 1563 747 1630 euris
769 1563 897 1652 agitans
919 1572 951 1630 et
974 1561 1195 1630 sollieitudine
1216 1561 1319 1626 vitam

573 1670 674 1737 Putre
697 1668 839 1738 eadavar
860 1669 961 1758 humi,
983 1668 1127 1738 vivendo
1151 1669 1246 1755 lanea,
1267 1667 1394 1759 reliqui.

576 1779 728 1867 Hinuque
750 1777 860 1843 anirum
881 1778 1029 1865 ingratae
1051 1777 1198 1846 libitinae
1221 1786 1253 1843 et
1276 1777 1401 1844 funeris
1423 1799 1552 1864 expers,

574 1885 628 1951 Ad
652 1885 755 1951 vitam
776 1906 952 1973 properans
976 1884 1150 1971 meliorem,
1173 1906 1208 1952 ee
1231 1883 1342 1951 intulit
1364 1883 1468 1949 aetrie.

1014 2447 1067 2511 50.

885 2639 1189 2700 EPITAPHIUM

637 2775 858 2843 HEDVIGIS
881 2774 1027 2842 NIOOL.
1050 2773 1297 2841 TARLONIS’
1319 2773 1440 2838 uxoria.

574 2952 738 3020 Aeeiaaa⁸
761 2951 923 3040 Hedvigie
946 2951 1017 3036 hoe,
1040 2951 1134 3018 terrie
1157 2958 1259 3038 raptu,
1282 2947 1431 3038 sepulcro

574 3058 655 3127 Sum
678 3059 749 3144 situ,
772 3056 905 3124 Tarloni
927 3057 1064 3124 Nicolao
1087 3057 1198 3124 lunata
1221 3057 1346 3123 marite.

573 3167 660 3232 Paee
681 3166 754 3232 viro
776 3165 865 3232 alaro
887 3173 920 3232 et
942 3163 1027 3232 bello
1050 3163 1220 3240 Premielia
1244 3163 1319 3229 sorti

573 3272 676 3362 Signa
697 3294 798 3338 manu
820 3271 877 3338 dat
900 3271 985 3340 ferre
1007 3281 1040 3339 et
1061 3272 1203 3361 primum
1225 3270 1358 3338 tendere
1381 3271 1415 3335 in
1438 3269 1564 3336 boetem

513 3402 539 3446 e.
570 3381 615 3446 Et
638 3379 772 3448 deame
794 3379 895 3448 aeiee:
918 3378 967 3446 illi
989 3404 1042 3448 ree
1066 3380 1184 3447 martia
1206 3377 1306 3446 cordi.

662 3489 707 3554 At
729 3487 810 3553 mihi
832 3488 947 3555 terrori
970 3489 1034 3554 suit
1056 3487 1147 3573 olim,
1170 3497 1299 3575 pectore
1322 3485 1409 3553 eeleo

571 3595 760 3662 Pannoniae
781 3595 919 3684 regina⁴
941 3605 1051 3663 truaee
1074 3595 1151 3661 dum
1175 3594 1314 3662 auetinet
1336 3594 1401 3660 irae
1511 3667 1513 3674 ,

572 3704 764 3791 Turuarum,
786 3703 914 3772 inl'eatie
937 3705 1040 3794 signia
1064 3703 1226 3794 armisque
1249 3703 1380 3794 periret

574 3997 581 4029 ¹
601 3996 659 4048 reil.
679 3997 849 4063 relinquebat
866 3997 915 4048 vir.
934 3997 985 4048 Sed
1004 4003 1141 4049 etruetura
1157 3995 1249 4047 durior
1267 4001 1316 4060 eet,
1335 3995 1410 4059 adeo,
1429 4001 1459 4047 ut
1471 3995 1517 4046 vix
1535 3997 1608 4060 Ray·

465 4083 537 4134 aium
555 4084 596 4134 ite
613 4084 751 4150 euripeieee
768 4085 968 4137 coneedendura
986 4086 1030 4136 eit.

572 4168 583 4201 ⁸
601 4172 722 4240 signiferi
741 4173 941 4239 premialienele‚
959 4178 990 4225 ut
1007 4173 1096 4226 eluunt
1114 4189 1167 4225 ev.
1179 4172 1198 4226 li
1210 4189 1248 4240 eq.
1268 4174 1365 4224 Enetat
1377 4173 1428 4224 boe
1440 4171 1607 4239 epitaphium

463 4260 492 4312 in
511 4276 583 4313 earn.
603 4259 656 4314 362
674 4278 723 4328 eq„
741 4262 770 4314 in
788 4278 840 4315 aee.
859 4261 912 4315 895
930 4279 969 4329 eq.

572 4347 632 4403 'In
650 4358 763 4419 utroque
787 4358 865 4404 meto.
883 4352 947 4405 buia
965 4352 1025 4406 voci
1047 4352 1256 4419 eupereeriptnm
1275 4359 1329 4405 ert:
1357 4350 1510 4418 „Oxenee“.
1536 4351 1607 4403 unde

465 4440 616 4508 Hedvigem
634 4457 649 4493 e
667 4441 744 4494 darno
763 4441 853 4494 Olera
871 4442 954 4494 luieee
973 4449 1055 4509 petet.
1075 4444 1201 4494 Fortunae
1220 4448 1248 4493 et
1259 4442 1319 4509 ipra
1331 4441 1461 4496 Teneinia
1474 4442 1534 4506 init,
1554 4440 1607 4494 eie·

463 4535 495 4582 ut
513 4530 673 4596 catharina,
691 4531 814 4584 Andreae
832 4531 955 4584 Tarionie
974 4549 1049 4598 uxor,
1074 4531 1151 4585 auiae
1177 4531 1343 4598 epitaphium
1367 4532 1395 4584 in
1419 4530 1503 4584 matie.
1529 4545 1607 4598 pree·

462 4620 587 4672 mittitur.

570 4708 582 4739 ⁴
600 4710 728 4772 laabella,
741 4711 904 4778 Sigiemundi
913 4713 928 4762 1
936 4711 1002 4777 lilia,
1013 4712 1108 4763 loanni
1117 4711 1260 4778 Zapelyae‚
1271 4712 1329 4780 regi
1339 4712 1505 4780 Hunguiaa
1512 4715 1605 4778 nupt·⁴

571 4794 583 4826 ⁸
601 4799 681 4850 Circa
699 4814 741 4850 aa
762 4796 946 4852 tall—1552.
