4109 5767
611 326 685 414 ¹388
1100 354 1178 396 sarar
1196 358 1284 397 noran

1585 435 1805 445 ———-—

667 582 694 627 s.
723 557 934 643 Astrolugum
952 576 1033 644 non,
1055 556 1113 643 Ile,
1136 565 1210 622 tuos
1233 556 1291 623 sed
1315 556 1449 623 oonsule
1471 580 1594 645 mores,
1714 586 1720 596 ·

780 662 948 733 &rusulito
972 663 1075 731 vitum
1092 673 1135 728 tu
1160 666 1274 753 magis,
1297 664 1356 752 Ile,
1371 675 1479 731 tuam.

726 772 809 841 lnde
832 771 925 859 scies,
948 772 1098 838 oinotura
1120 781 1193 837 tuos
1217 795 1259 837 an
1283 771 1388 839 infula
1411 772 1520 839 onnes

781 880 939 947 Debetur.
958 878 1059 945 ‘Raris
1077 878 1269 969 pontificale
1291 880 1394 947 (loeus

730 988 879 1054 Debetur
902 987 1006 1071 iustis,
1030 986 1145 1072 dootis,
1167 986 1400 1073 prudentibust
1422 986 1488 1052 illis

652 1116 698 1159 ιιι.
784 1092 942 1177 Debetur,
955 1108 1104 1177 'quorum
1127 1086 1272 1156 erimine
1287 1092 1358 1156 vita
1380 1102 1488 1177 vaoat,

730 1198 803 1264 Nou
827 1198 1007 1285 impacatis,
1030 1219 1096 1261 non
1119 1197 1377 1286 percussoribus,
1399 1198 1458 1285 Ile,

784 1306 859 1371 Non
883 1303 1013 1393 cupidis
1035 1304 1147 1392 etqui
1169 1304 1279 1392 iurgia
1301 1304 1369 1372 litis
1392 1316 1511 1371 amant.

732 1410 923 1479 Pontilioale
946 1410 1066 1503 pedum
1089 1435 1154 1478 uon
1171 1414 1311 1501 stringit
1332 1412 1496 1503 inhospita
1519 1412 1656 1500 (lextra,

787 1522 861 1589 Non
884 1520 1068 1589 inoon'oessi
1092 1520 1209 1588 dextra
1231 1522 1384 1588 ministra
1406 1524 1476 1589 tori.

655 1654 701 1697 ιιι.
733 1631 806 1698 Νοιι
831 1630 895 1697 udo
919 1631 1021 1720 cingit
1045 1630 1207 1697 fumantia
1228 1643 1376 1720 tempora
1398 1632 1523 1699 baooho
1570 1710 1574 1715 .

789 1738 1011 1828 Balantesque
1034 1760 1145 1804 eomas
1168 1738 1364 1827 pontificalis
1387 1760 1480 1827 apex.

735 1846 809 1913 Noli
833 1846 1000 1935 indignari
1022 1846 1195 1934 astrologo,
1217 1847 1297 1935 quin
1321 1860 1401 1913 auro
1424 1845 1567 1934 benigna

784 1954 853 2022 'Illa
875 1976 965 2045 oaps,
987 1952 1171 2042 astrologus
1195 1976 1279 2042 quae
1300 1952 1362 2020 tibi
1385 1974 1515 2042 cunque
1529 1952 1652 2019 refert

735 2065 787 2132 De
810 2063 880 2131 vita
903 2078 1047 2152 querere,
1064 2062 1129 2151 'lle,
1152 2073 1209 2130 tua
1223 2074 1264 2129 ‘et
1286 2062 1328 2130 de
1341 2061 1505 2149 moribus,
1527 2060 1586 2149 Ile,

653 2195 702 2241 so.
728 2255 731 2261 Ι
790 2174 876 2261 Istis,
889 2170 941 2241 'da
963 2170 1127 2260 astrologo
1143 2170 1198 2238 nil
1222 2180 1323 2261 potes,
1346 2171 1404 2260 Ila
1426 2171 1529 2261 quori.

728 2274 873 2349 'Rettulit
895 2279 1087 2369 astrologus,
1109 2304 1194 2370 quae
1216 2279 1351 2348 volvere
1374 2280 1503 2347 viderat
1525 2290 1622 2365 astra,

788 2392 960 2455 Astrorum
985 2399 1084 2454 nutus
1108 2412 1174 2455 vox
1197 2387 1260 2453 suit
1283 2388 1446 2474 astrologi.
1595 2407 1600 2415 ·

737 2496 879 2560 Venturi
900 2518 1005 2583 gnaro
1028 2493 1136 2560 soelus
1158 2505 1207 2560 est
1231 2514 1296 2558 non
1321 2494 1454 2559 eredere
1477 2492 1577 2576 eaelo,

790 2599 895 2664 Irns‘oi
911 2600 1014 2663 iustis
1037 2598 1179 2684 vatibus,
1203 2597 1261 2683 Ile,
1284 2597 1386 2663 nefas.

655 2725 704 2769 aa.
735 2704 835 2769 Astra
857 2703 953 2769 aliter
975 2706 1035 2789 vis,
1058 2703 1115 2786 Ile,
1138 2703 1236 2790 loqui,
1260 2703 1321 2788 vis,
1344 2703 1402 2788 Ile,
1424 2702 1549 2767 referre

790 2808 981 2897 Astrologos
1003 2809 1111 2875 aliter:
1135 2810 1268 2895 vixeris,
1291 2807 1350 2895 Ile,
1373 2808 1474 2874 aliter.

1098 3027 1304 3036 -.—.-——

1191 3303 1219 3369 8.

1066 3504 1105 3565 In
1133 3480 1307 3582 quendam
1321 3504 1343 3565 ¹.

741 3682 896 3746 Fatorum
921 3679 1094 3766 impatiens
1118 3678 1213 3765 parvi
1236 3668 1300 3744 liet¹
1316 3677 1434 3745 funera
1455 3678 1524 3743 nati
1599 3665 1608 3675 ’

797 3787 869 3850 Non
893 3794 1081 3851 cessaturus
1104 3795 1197 3849 noete
1222 3784 1341 3871 dieque
1363 3796 1463 3872 pater.

742 3895 858 3980 Luget,
881 3902 913 3959 et
936 3893 1052 3957 insano
1076 3890 1132 3957 dat
1154 3892 1264 3957 tristes
1287 3914 1343 3959 ore
1366 3891 1525 3980 querelas,

785 3998 882 4068 'Canu
905 3998 1038 4065 domino
1060 3999 1174 4088 lugent
1196 4001 1281 4065 atria
1303 3998 1394 4088 pullu
1417 4022 1484 4066 sua.

685 4133 711 4176 ι.
731 4107 904 4176 ‘Sordidus
926 4108 961 4194 it,
984 4105 1063 4172 laxa
1086 4108 1214 4174 oinotus
1237 4109 1308 4173 sine
1330 4105 1404 4195 lege
1425 4106 1571 4193 lucerna,

797 4214 961 4302 Negleoto
978 4212 1139 4301 languens
1161 4226 1194 4281 et
1216 4214 1300 4303 pedo
1322 4215 1394 4302 figit
1415 4214 1562 4280 humum.

636 4368 843 4378 ---——-

747 4445 756 4475 ¹
776 4446 834 4497 Ost.
854 4444 908 4497 313
927 4462 966 4511 sq.
991 4467 1015 4488 ε
1041 4460 1112 4496 oorn.
1132 4444 1186 4498 372
1204 4462 1244 4510 sq.
