4109 5767
617 777 660 844 18
1088 789 1166 826 rarat
1185 789 1274 825 sorau

721 983 876 1052 Audaeaa
895 981 1105 1069 meditantur,
1127 989 1269 1068 euntque
1290 979 1326 1045 in
1349 979 1497 1046 earmina
1517 1000 1649 1068 pronae.

721 1091 783 1181 ru,
804 1129 850 1142 -
872 1088 996 1179 coeptis
1017 1088 1125 1178 impar
1147 1086 1290 1155 calamos
1312 1109 1405 1154 meus
1428 1095 1523 1177 urget
1544 1083 1672 1177 Apollo,
1694 1121 1738 1134 -·

642 1221 690 1268 ut.
720 1198 883 1291 Aspicite,
904 1199 1083 1288 faveasque
1104 1196 1195 1285 meis,
1219 1195 1335 1265 Oomes
1357 1195 1479 1286 inclite,
1502 1194 1624 1285 saeptis

721 1307 921 1379 Graudibus.
951 1305 982 1376 0
1004 1305 1102 1375 lieeat
1124 1327 1257 1374 aureum
1279 1313 1464 1396 metamque
1485 1313 1596 1374 tenere
1722 1320 1728 1332 ·

722 1419 766 1487 Et
787 1427 936 1487 noenum
956 1415 1043 1484 laeto
1065 1437 1183 1484 uanam
1205 1414 1282 1482 olim
1305 1415 1451 1484 carmine
1473 1414 1627 1502 saeelum,

722 1521 1674 1615 Oniuatnparamagnaoumeaparsmagnuleguris

807 1741 940 1808 Primus
962 1738 1094 1806 Elisaeo
1104 1742 1126 1827 ¹,
1147 1737 1309 1806 deduetue
1331 1738 1492 1827 sanguine
1514 1735 1654 1826 matur,

639 1870 689 1916 aa.
718 1849 857 1938 Panum,
877 1847 1115 1938 praecipitique
1136 1855 1286 1913 ruentem
1307 1843 1442 1913 flumina
1464 1845 1618 1935 Orupam,

721 1955 905 2042 Antiquam
926 1954 1077 2043 patriam,
1101 1951 1255 2022 Slavonia
1276 1975 1388 2042 regna,
1410 1951 1543 2020 Polonia

722 2060 821 2130 Unda
842 2083 948 2148 genua
971 2059 1109 2126 duatum
1130 2059 1260 2148 populis
1282 2068 1315 2126 et
1337 2059 1437 2147 origo,
1458 2059 1656 2149 relinquens,

723 2168 815 2233 Arva
836 2167 937 2231 intrat
958 2186 1067 2232 vanua
1089 2174 1122 2231 et
1145 2163 1256 2230 densis
1277 2163 1344 2230 late
1364 2163 1498 2231 horrida
1519 2164 1622 2252 silvis,

721 2270 836 2358 Vasta,
857 2269 1032 2360 pmiunda,
1054 2268 1226 2356 hortanda,
1248 2278 1380 2336 uncum
1402 2267 1531 2358 spelaea
1554 2270 1707 2336 ferarum.

640 2397 691 2443 aa.
721 2377 878 2466 Explorat
900 2376 965 2445 late
988 2386 1026 2444 ut
1049 2378 1207 2466 spatiosos
1230 2398 1370 2466 aequore
1392 2397 1533 2465 eampos,

723 2484 813 2552 neae
834 2484 933 2572 Iovis,
954 2485 1099 2573 primum
1122 2505 1226 2571 omen,
1249 2505 1327 2550 aves
1350 2481 1441 2550 eaelo
1463 2483 1581 2571 aspiait
1602 2481 1668 2549 alto

721 2591 923 2680 Praecipites
945 2591 1034 2679 ferri,
1057 2590 1237 2678 dulcesque
1258 2591 1401 2658 revisam
1419 2589 1524 2677 nidos,

721 2697 891 2788 Pullisque
914 2696 1041 2765 ablatus
1063 2707 1193 2788 portare
1214 2696 1395 2764 immitibus
1417 2719 1510 2766 oseas

721 2807 765 2873 Et
787 2828 922 2874 nemora
943 2807 1071 2896 ingenti
1094 2804 1247 2894 alangom
1268 2805 1395 2895 replere
1416 2805 1588 2894 profunda

638 2934 689 2981 aa.
720 2911 839 2982 Omine
860 2913 966 2981 laetus
988 2936 1036 3002 eo,
1058 2951 1104 2963 -
1125 2936 1282 3002 magnum
1304 2913 1496 3002 portendere
1518 2935 1657 3002 regnum

720 3021 840 3088 Visum
862 3043 967 3109 omen,
989 3058 1035 3071 —
1057 3043 1177 3110 magno
1199 3021 1359 3109 regnandi
1382 3043 1541 3088 aseensus
1563 3043 1673 3088 amore

623 3206 625 3210 ,
720 3127 846 3196 Urbem
868 3127 1030 3218 designat,
1058 3127 1157 3195 dueto
1179 3137 1212 3195 et
1233 3128 1366 3196 molitur
1388 3138 1496 3195 aratro

720 3236 851 3302 Moenia
872 3237 980 3326 prima
1000 3235 1095 3303 laeua
1117 3235 1184 3302 late
1206 3237 1388 3325 stagnantis
1410 3235 1454 3302 ad
1475 3235 1608 3304 undam.

721 3344 765 3410 Et
788 3342 959 3411 Gneanam
980 3353 1077 3411 vorat
1100 3344 1181 3411 aerii
1204 3343 1245 3410 de
1268 3343 1399 3411 nomine
1421 3342 1501 3431 nidi,

638 3471 688 3517 aa.
719 3450 827 3531 Quem
849 3450 951 3539 vulgo
973 3449 1145 3518 arboribus
1167 3451 1275 3539 posuit
1298 3450 1387 3518 Iovis
1410 3451 1478 3518 ales
1500 3451 1536 3516 in
1558 3449 1647 3537 altis3

689 3579 691 3583 ·
722 3597 764 3608 -
785 3557 894 3624 Nidus
917 3559 1005 3625 enim
1026 3559 1144 3648 priseia
1167 3570 1216 3626 est
1238 3557 1347 3625 dietus
1369 3558 1510 3647 guisado
1531 3556 1673 3647 Polonis‚

722 3665 814 3732 Haee
837 3675 870 3732 et
892 3674 1003 3732 servat
1025 3664 1134 3732 adhue
1157 3666 1273 3733 saeclis
1295 3676 1343 3733 tot
1365 3666 1520 3733 euntibus
1542 3675 1640 3754 aetas,
1663 3703 1708 3716 -

719 3771 940 3858 [eamusque
964 3795 1023 3838 suo
1046 3771 1132 3839 dixit
1154 3771 1196 3840 de
1218 3773 1349 3839 nomine
1371 3783 1494 3860 gentes.

721 3877 794 3943 Hos
816 3879 918 3966 priaei
939 3877 1107 3966 quondam
1129 3900 1247 3944 nomen
1270 3900 1401 3965 gessere
1423 3878 1547 3965 Poloui,

721 4142 781 4194 ¹1u
798 4151 876 4196 mata.
896 4143 1019 4206 ,Primus
1038 4143 1179 4210 Elymas&
1210 4143 1337 4210 Sequitur
1359 4142 1411 4196 buu
1436 4142 1495 4196 laea
1520 4143 1636 4210 Royaius
1662 4144 1764 4196 samam

612 4232 791 4286 svinaentio
816 4231 962 4285 Kadiubsk
986 4232 1174 4299 Diagoasoqus
1199 4230 1340 4297 traditam,
1368 4247 1422 4299 qus
1448 4231 1555 4285 Laahna
1581 4231 1765 4298 Laabitaaqus

613 4322 685 4373 sieut
703 4321 788 4373 aeteri
805 4321 881 4372 stari
899 4322 934 4373 sb
953 4321 1058 4386 Helian,
1076 4321 1172 4372 iuraui
1191 4321 1253 4388 filio,
1278 4321 1366 4388 lupeti
1389 4328 1495 4388 nepote,
1520 4321 1573 4373 orti
1594 4337 1652 4375 asse
1672 4321 1763 4374 iarun-

613 4418 665 4462 tur.
684 4409 805 4461 habam
823 4426 856 4463 aa
874 4408 1003 4462 Statonia
1021 4411 1079 4461 sive
1098 4410 1216 4476 crustis,
1235 4410 1354 4462 eiusdem
1373 4417 1462 4463 marae
1474 4417 1559 4479 purte,
1578 4410 1606 4462 tn
1624 4409 1765 4462 Palaniam

610 4499 803 4567 commigrasse
821 4506 930 4567 praeter
947 4499 1108 4552 Palenorum
1127 4498 1355 4567 historiographos
1375 4500 1457 4552 etiam
1475 4504 1580 4553 tanea·
1596 4499 1695 4552 Silvius
1709 4506 1764 4550 trs·

550 4623 553 4627 .
610 4587 688 4641 didit
707 4589 784 4640 Cani.
803 4587 925 4642 cromui
943 4591 985 4642 De
1003 4591 1084 4642 rebus
1105 4587 1264 4641 Polanurum
1282 4588 1329 4642 lib.
1346 4591 1360 4640 1
1378 4605 1437 4657 cap.
1457 4586 1474 4642 2
1493 4596 1521 4642 et
1540 4586 1582 4657 lb,
1601 4587 1648 4656 qui
1672 4595 1764 4641 tamen

611 4677 758 4744 (irapinam
775 4685 804 4730 et
821 4679 926 4743 Pausa,
945 4679 1089 4732 ffivoniae
1108 4677 1215 4746 oppida,
1234 4677 1318 4730 Lesbi
1329 4680 1446 4746 patriam
1458 4685 1605 4746 nuncupat
1624 4675 1691 4731 Iuda
1703 4676 1762 4730 veti

611 4766 699 4820 simile
717 4774 766 4834 ast,
786 4767 905 4821 cromsrt
924 4767 1048 4838 bitteris,
1072 4767 1149 4822 euius
1168 4768 1256 4836 prima
1273 4767 1355 4820 aditio
1373 4767 1474 4836 prodiit
1491 4783 1508 4820 ι
1527 4765 1606 4834 1655,
1630 4767 1761 4835 troytium

612 4873 691 4908 usum
709 4873 763 4911 nan
781 4873 849 4926 esse,
866 4866 947 4929 utque
966 4866 1030 4911 anta
1048 4858 1120 4910 hune
1139 4872 1240 4910 aunum
1259 4873 1368 4911 carmen
1385 4857 1437 4910 bau
1449 4858 1597 4928 scripsisse.
