4109 5767
520 637 586 713 152
810 676 813 685 ι
992 659 1070 698 aaran
1090 661 1179 698 aaran

623 857 678 923 Illi
700 856 768 923 fida
790 879 908 943 eomes,
930 854 1087 945 quiequid
1110 854 1309 922 truculentia
1331 857 1446 922 martis

544 951 743 1052 ro.‘Ferret‚
766 987 865 1051 erum,
888 985 985 1031 ausus
1009 962 1149 1030 imbellis
1174 962 1296 1030 femina
1318 963 1448 1030 eosdem

623 1073 838 1161 Exspectare,
860 1093 956 1160 mage
978 1081 1068 1138 oerte
1092 1073 1173 1138 mori
1197 1070 1361 1160 durasque
1383 1083 1516 1139 ostenae

624 1179 865 1270 servitiumque
886 1181 964 1270 pati,
987 1181 1127 1269 putrium
1150 1202 1249 1269 quam
1272 1201 1405 1248 eernere
1429 1203 1540 1248 aarum

623 1289 668 1356 Iit
690 1287 805 1358 duloes
829 1289 956 1377 fratres,
978 1299 1211 1379 exoptatosque
1234 1300 1392 1378 parentes.

623 1397 770 1485 Reginae
793 1396 914 1464 dileotn
935 1415 1027 1464 meae
1050 1398 1113 1463 suit
1135 1395 1238 1463 alteru
1261 1399 1288 1462 si
1312 1419 1385 1484 qun,

545 1524 591 1569 us.
621 1504 699 1570 Una
712 1503 784 1588 ,iui3
808 1503 937 1569 olausos
959 1503 1078 1568 animis
1100 1501 1243 1568 Isabella
1265 1523 1413 1568 recessus

625 1608 669 1674 Et
690 1608 848 1696 quioquid
870 1610 970 1676 taeito
993 1608 1147 1674 servabat
1170 1607 1277 1694 eorde,
1300 1606 1434 1674 reolusit

625 1713 726 1781 Haud
749 1715 855 1782 invita
876 1715 967 1802 mibi,
990 1716 1061 1783 sive
1083 1713 1258 1782 illaetabile
1281 1715 1466 1804 quiequam,

626 1821 690 1890 Seu
714 1821 834 1891 oeoidit
858 1823 1012 1890 faustum.
1037 1821 1135 1889 Haud
1159 1833 1286 1889 nostros
1309 1821 1454 1912 neglexit
1476 1822 1623 1912 bonores,

622 1932 748 1999 Essene
770 1942 950 2022 posmemos
972 1953 1070 2021 passa
1092 1942 1149 1998 est.
1173 1931 1254 1997 Mihi
1278 1933 1369 2020 regia
1392 1931 1482 2000 liexit
1559 1997 1562 2008 ,

540 2059 593 2104 so.
622 2039 706 2104 Tota
727 2061 824 2126 genu,
847 2051 879 2107 et
902 2062 1064 2107 venerans
1088 2038 1190 2106 multo
1213 2041 1394 2106 assurrexit
1416 2040 1545 2107 bonore.

717 2149 772 2214 Me
794 2145 888 2214 multi
913 2149 1036 2214 waiam
1059 2146 1193 2213 thalami
1218 2149 1358 2236 oupiero‚
1381 2147 1438 2214 sed
1463 2170 1557 2236 unus,

625 2254 672 2319 Ut
694 2256 821 2343 superis
844 2254 1002 2343 pluoitnm
1024 2265 1083 2340 est,
1105 2253 1203 2320 'Panlo
1227 2255 1269 2319 ad
1293 2253 1435 2322 oonubia
1458 2254 1548 2322 flexit

625 2359 837 2448 Deduxitque
860 2360 1003 2427 domum.
1026 2360 1212 2428 (lonoordes
1236 2361 1380 2428 viximus
1405 2382 1479 2448 uns,

625 2467 699 2533 Non
724 2465 792 2533 ulla
815 2478 962 2534 nostrum
985 2467 1152 2534 turbatum
1176 2478 1225 2534 est
1247 2466 1304 2533 lite
1328 2465 1445 2554 nubilo,

541 2595 593 2642 ss.
622 2574 697 2640 Non
719 2577 835 2644 rixave
858 2575 934 2643 ulla.
956 2576 1014 2643 Bis
1038 2595 1097 2643 sex
1119 2577 1289 2665 exegimus
1312 2599 1428 2659 annosa

625 2683 740 2750 Crevit
761 2705 853 2750 amor
876 2706 1011 2772 semper,
1034 2685 1137 2750 tristis
1159 2683 1273 2772 prooul
1297 2684 1403 2751 abluit
1425 2685 1483 2750 ira

624 2787 738 2854 Multis
761 2801 987 2878 consumptam
1010 2789 1142 2877 morbis,
1164 2812 1246 2878 quos
1269 2791 1401 2857 munere
1423 2790 1515 2856 nulle

624 2896 690 2961 Ars
713 2895 841 2963 medios
862 2897 985 2964 evaluit
1007 2897 1193 2984 frustreque
1216 2905 1353 2963 vocatus
1376 2895 1502 2984 Apollo,

623 3003 755 3090 Eripuit
778 3026 830 3070 me
853 3027 940 3071 mors
963 3005 1068 3090 terris,
1092 3003 1245 3090 caeloque
1268 3003 1399 3088 looavit,

540 3127 592 3172 eo.
622 3106 822 3173 Oonolusum
845 3107 945 3173 nullis
967 3109 1025 3173 ubi
1049 3110 1144 3174 motis
1166 3109 1291 3174 vivitur
1313 3127 1459 3175 sevum*

1062 3661 1115 3726 51.

937 3859 1241 3921 EPITAPHIUM

801 3988 1078 4062 NIOOLAI
1117 3995 1382 4062 FIRLEI1.

623 4170 712 4237 Molo
734 4171 796 4238 sub
818 4171 882 4239 heo
905 4172 1062 4239 Nioolsus
1084 4195 1145 4260 ego
1168 4171 1318 4259 Firleius,
1341 4172 1462 4261 iniquis

625 4277 767 4366 Ereptns
790 4277 876 4364 fatis,
899 4279 999 4345 iaoeo.
1022 4278 1203 4345 casimirus
1226 4280 1260 4344 in
1284 4278 1360 4344 aula

519 4415 672 4425 —o——s

627 4463 635 4493 ¹
655 4465 714 4517 Nio.
734 4465 859 4531 Firmius,
883 4465 1018 4532 generalis
1043 4467 1188 4532 imperator
1213 4467 1378 4519 exercituum
1400 4466 1528 4520 Puloniae
1551 4465 1662 4534 murlo.

517 4553 565 4617 IV,
583 4550 637 4606 204
654 4553 732 4621 κῃ),
751 4554 818 4605 obiit
837 4569 861 4604 a.
882 4552 952 4606 1526
971 4555 1134 4622 Lubliuiquu
1153 4557 1181 4606 in
1200 4557 1315 4608 ecelesia
1333 4557 1448 4607 fratrum
1466 4555 1510 4607 nti.
1529 4555 1662 4608 Domlnloi

517 4641 638 4707 sepultus
656 4649 706 4706 est,
724 4650 755 4693 ut
773 4642 940 4708 epitaphium
958 4643 1058 4694 ibidem
1077 4645 1235 4710 inscriptum
1254 4649 1377 4696 testatur.
1397 4645 1494 4696 Exstat
1511 4643 1562 4696 hoe
1575 4643 1662 4711 epila·

516 4729 610 4796 phium
627 4731 656 4781 in
675 4747 748 4782 eom.
768 4747 812 4798 pp.
831 4728 893 4797 34³,
912 4732 940 4781 in
959 4748 1010 4782 oss.
1032 4748 1074 4798 pg.
1094 4731 1155 4785 267.
