4109 5767
833 1961 1261 2065 PRAEFATIO.

584 2326 672 2393 Petri
696 2326 810 2416 Royaii
827 2326 983 2411 earmina,
1005 2348 1064 2415 per
1079 2325 1188 2391 varios
1202 2324 1303 2392 libros
1318 2336 1351 2393 et
1366 2348 1465 2391 manu
1480 2324 1621 2414 scriptos

474 2443 511 2500 et
525 2434 612 2525 typis
628 2432 731 2499 editos
748 2432 904 2521 dispersa,
927 2432 961 2499 in
977 2430 1041 2499 hae
1056 2431 1199 2498 editione
1213 2432 1259 2497 ita
1274 2432 1429 2520 disposui,
1443 2442 1480 2497 nt
1495 2432 1620 2498 maiora

477 2541 582 2629 primo
606 2538 772 2606 volumine
798 2537 1121 2626 comprehenderem,
1144 2538 1288 2624 minora,
1317 2537 1360 2603 ad
1383 2538 1620 2626 quinquaginta

479 2667 594 2711 versus
618 2645 825 2729 continentia,
848 2642 941 2709 alteri
965 2642 1184 2730 adsignarem.
1206 2643 1238 2708 A
1252 2665 1318 2730 qua
1332 2643 1480 2708 instituta
1495 2644 1621 2710 ratione

478 2749 543 2816 hae
565 2747 650 2833 illae,
673 2770 714 2815 ne
738 2758 877 2835 oognata
893 2758 1149 2834 argumentoque
1164 2748 1338 2812 coniuncta
1353 2746 1620 2835 distraherentur,

477 2854 648 2923 diseedere
671 2876 743 2919 sum
767 2866 909 2921 ooaotus.
947 2852 1046 2919 Unde
1069 2852 1193 2919 suetum
1217 2862 1282 2938 est,
1306 2862 1342 2918 ut
1358 2862 1395 2920 et
1419 2851 1621 2941 dantisoana,

481 2970 618 3051 utroque
648 2984 767 3049 genere
797 2962 917 3043 mixta,
948 2970 1129 3027 extremam
1160 2959 1257 3047 primi
1287 2958 1465 3025 voluminis
1495 2970 1621 3048 partem

481 3069 547 3135 sint
569 3070 698 3137 sortitu.
729 3080 761 3135 ot
792 3070 918 3135 minora
940 3067 1118 3157 quaedam,
1148 3068 1212 3133 iam
1243 3091 1264 3134 a
1293 3066 1417 3159 Roysio
1447 3090 1514 3135 nna
1543 3091 1620 3137 oum

479 3176 657 3243 maioribus
680 3177 769 3265 typis
791 3174 954 3265 evulgata,
976 3176 1090 3243 eodem
1113 3175 1279 3243 volumine
1301 3176 1424 3265 passim
1438 3186 1621 3243 ooourrant

480 3283 652 3351 Praeterea
682 3283 860 3351 maioribus
889 3283 1104 3350 adnumeravi
1140 3282 1339 3371 fragmenta,
1376 3305 1460 3371 quae
1497 3283 1620 3349 iustum

482 3412 638 3457 versuum
661 3412 843 3477 numerum,
866 3392 926 3457 etsi
949 3412 1014 3455 non
1038 3390 1179 3477 explent,
1203 3388 1315 3477 prooal
1338 3388 1438 3455 dubio
1453 3388 1624 3479 expletura

477 3505 583 3581 eram,
606 3494 633 3560 si
656 3496 783 3581 integra
806 3494 993 3582 perfeoteve
1015 3505 1133 3560 essent.

588 3600 661 3681 Quo
685 3599 780 3667 modo
803 3612 835 3666 ot
858 3600 981 3666 maiora
1003 3610 1036 3666 et
1051 3600 1179 3666 minora
1195 3600 1228 3665 in
1244 3600 1369 3689 speeies
1384 3598 1626 3688 partioulusque

480 3706 722 3795 distribuerim,
748 3731 789 3775 ox
813 3709 956 3797 cupitum
980 3707 1145 3775 indicibus
1169 3707 1297 3796 utrique
1319 3706 1477 3774 volumini
1501 3705 1623 3773 ndditis

479 3815 597 3903 elucet,
620 3826 656 3881 ut
678 3838 958 3906 supervacaneum
983 3815 1134 3881 videntur
1155 3814 1217 3881 hoo
1239 3813 1312 3882 loeo
1334 3813 1376 3881 de
1397 3837 1436 3881 ea
1458 3837 1494 3881 ro
1510 3813 1623 3903 dispu-
1753 3810 1757 3817 ’

481 3932 565 4007 tare3
592 3946 693 3989 unum
717 3946 832 3990 moneo
855 3947 908 3989 me
930 3945 1040 3990 rerum
1063 3933 1317 4010 temporumque,
1340 3932 1497 4009 quantum
1519 3920 1623 4008 liouit,

482 4029 607 4095 ratione
637 4052 702 4095 non
725 4028 874 4117 neglecta
904 4029 1064 4116 imprimis
1095 4029 1317 4117 perspicuitati
1340 4026 1557 4113 consuluisse,
1587 4027 1622 4092 id

479 4134 570 4224 quod
594 4134 783 4223 diligentius
806 4146 925 4203 cuneta
947 4134 1174 4223 reputantibus
1205 4157 1396 4224 persuasum
1429 4134 1498 4200 sore
1520 4155 1623 4223 spero.

589 4240 677 4308 lusra
711 4244 881 4331 praemitto
920 4244 1024 4331 primo
1061 4241 1220 4309 volumini
1253 4251 1462 4330 eonspeotum
1497 4240 1622 4307 ordinis

481 4350 666 4417 oarmiuum
689 4350 821 4442 Royaii,
850 4350 906 4440 qui
936 4360 986 4418 est
1016 4352 1051 4416 in
1078 4349 1171 4416 libris
1194 4374 1293 4417 manu
1317 4350 1447 4438 seriptis
1470 4348 1625 4439 preloque

484 4468 580 4524 antea
595 4458 771 4546 impressis,
793 4480 868 4526 oum
887 4459 984 4525 huius
1000 4458 1152 4525 editionis
1168 4457 1283 4525 ordine
1297 4458 1475 4545 compositi,
1494 4480 1536 4523 ex
1551 4481 1625 4545 quo,

479 4574 681 4652 quantopere
696 4563 902 4631 disoesserim
924 4588 944 4630 a
960 4565 1085 4630 ratione
1100 4563 1193 4630 libris
1208 4564 1337 4650 tradita,
1352 4564 1432 4629 sads
1447 4563 1626 4652 apparebit.

484 4669 549 4751 Qui
572 4682 764 4757 conspeetus
787 4670 884 4736 etiam
907 4692 962 4736 eos
984 4669 1073 4735 haud
1097 4669 1211 4736 leviter
1234 4670 1371 4755 iuvabit,
1393 4669 1448 4757 qni
1472 4690 1545 4734 mea
1567 4692 1626 4757 po-
