4109 5767
894 796 1051 831 rssrrsrro.
1431 750 1545 827 nxxl1¹

403 987 505 1073 abest,
528 998 564 1053 ut
586 987 761 1073 offendant,
784 997 821 1053 ut
838 988 936 1053 etiam
958 988 1105 1053 suaviter
1120 986 1267 1053 afficiant
1282 986 1460 1073 legentium
1475 983 1547 1048 ani·

407 1115 492 1177 mos,
523 1115 590 1158 non
613 1093 744 1159 aberrat
766 1094 853 1160 enim
877 1092 1035 1159 imitando
1058 1102 1153 1180 poeta
1174 1092 1216 1158 ab
1240 1101 1432 1180 argumento
1454 1093 1549 1157 insti·

406 1207 519 1264 tutave
540 1200 675 1283 ratione,
706 1198 764 1265 aed
793 1200 886 1287 quasi
910 1198 1015 1265 obiter
1046 1208 1121 1285 apto
1150 1198 1257 1284 tangit
1286 1207 1484 1283 revocatque
1512 1198 1546 1261 in

408 1305 596 1369 memoriam
621 1304 799 1373 celebratos
822 1304 895 1371 illos
918 1307 1126 1392 antiquorum
1149 1304 1247 1390 locos,
1271 1303 1433 1369 interdum
1449 1304 1548 1369 etiam

406 1409 449 1474 ad
472 1412 747 1499 comparationem
769 1413 894 1500 ingenii
917 1413 969 1477 sui
993 1434 1067 1477 cum
1091 1413 1232 1499 antiquis
1252 1411 1393 1477 invitare
1408 1409 1548 1476 videtur.

406 1514 517 1581 Veluti
542 1540 617 1583 eum
639 1544 672 1585 v.
695 1521 738 1585 33
762 1518 923 1601 Querelso
945 1520 1092 1583 manium
1116 1517 1269 1584 undecim
1292 1517 1331 1602 (1,
1355 1518 1434 1601 293)
1457 1539 1549 1604 repe·

406 1632 519 1689 tuntur
542 1624 639 1692 lruoc:
666 1628 754 1713 „Dat
776 1629 905 1693 veniam
931 1626 1050 1711 eorvis,
1072 1635 1173 1691 vexat
1195 1647 1334 1691 censius
1350 1623 1548 1709 columbas“,

408 1741 441 1797 ot
462 1741 537 1819 apto
562 1735 724 1821 proverbii
749 1734 821 1801 loro
843 1732 1011 1801 luvmurlis
1036 1756 1166 1800 vorsum
1191 1734 1248 1819 (ΙΙ,
1264 1735 1319 1815 63)
1336 1732 1494 1821 usmpari,
1516 1740 1549 1798 ot

408 1836 632 1927 indignationo
655 1842 711 1908 illa
734 1844 857 1931 antiqui
883 1854 995 1931 poetro
1026 1842 1120 1930 qumi
1151 1841 1344 1907 resuscitata
1370 1840 1549 1907 sententiae

409 1948 478 2012 vim
501 1947 692 2036 pondusque
714 1950 828 2037 augeri
852 1951 1017 2015 sentimas.
1056 1947 1149 2015 Idem
1182 1948 1400 2014 confitendum
1428 1957 1479 2013 est
1508 1946 1549 2012 de

407 2054 455 2119 eis
477 2052 568 2139 locis,
591 2055 710 2142 quibus
732 2078 797 2121 non
822 2056 896 2122 totis
912 2056 1121 2143 antiquorum
1137 2055 1317 2139 sententiis,
1338 2053 1396 2119 sed
1411 2052 1549 2139 singulis

408 2159 518 2225 verbis
548 2160 829 2249 locutionibusque
867 2162 1011 2249 Iloyaius
1050 2161 1091 2225 ad
1127 2184 1187 2225 sua
1220 2159 1410 2227 exornanda
1440 2160 1550 2225 utitur.

406 2266 490 2333 Nam
515 2291 555 2333 no
580 2267 707 2336 daolurs
730 2269 860 2360 quidem
885 2268 950 2334 illis
975 2270 1088 2357 primis
1115 2267 1157 2334 ad
1182 2268 1391 2335 Vincentium
1419 2267 1550 2334 Portica

409 2376 517 2441 missis
540 2378 743 2444 carminibus
766 2378 822 2465 (ΙΙ,
845 2380 911 2444 300
926 2383 1016 2465 sqq),
1038 2377 1217 2465 inquibus,
1240 2377 1310 2441 sive
1325 2376 1432 2441 nuntii
1449 2376 1550 2463 ipsius

409 2482 526 2548 studiis
548 2485 739 2572 obsecutus,
769 2486 840 2553 sivo
863 2484 1075 2552 ostentandae
1098 2483 1291 2551 eruditionis
1321 2506 1400 2549 suae
1426 2483 1551 2549 ratione

407 2602 597 2675 commotus,
629 2592 724 2659 solito
748 2594 816 2660 fere
839 2593 987 2659 crebrius
1012 2593 1114 2658 utitur
1136 2592 1279 2679 antiquis
1301 2591 1453 2656 dictionis
1476 2590 1552 2655 flos-

409 2696 502 2779 culis,
526 2698 647 2761 iustmn
670 2698 803 2763 modum
826 2699 1006 2764 excessisse
1031 2697 1173 2762 videtur:
1201 2698 1248 2761 ita
1270 2695 1439 2761 commode
1461 2706 1552 2781 apte-

408 2824 472 2887 que
496 2801 609 2866 inserit
632 2801 763 2889 singula
785 2803 892 2869 aliena
915 2804 992 2866 suis.
1027 2804 1066 2868 In
1091 2802 1281 2867 universum
1305 2798 1552 2865 aestimantibus

410 2908 444 2971 in
467 2906 643 2972 verboram
667 2907 795 2974 delectu
826 2907 869 2973 ad
893 2906 1030 2995 Vergilii
1055 2908 1202 2973 earmina
1224 2906 1413 2993 saepissime
1435 2904 1552 2970 dever-

409 3012 464 3095 tit,
495 3012 592 3099 paulo
615 3013 721 3078 rarius
745 3020 919 3079 revocatur
949 3014 982 3077 in
1015 3014 1204 3078 memoriam
1232 3010 1404 3096 Horatius,
1434 3009 1553 3076 deinde

410 3117 472 3185 bac
495 3118 573 3186 illac
595 3121 693 3186 etium
717 3121 880 3207 Lucanus,
905 3121 1045 3206 Persius,
1061 3119 1214 3205 Ovidius,
1230 3117 1413 3202 Lueretius,
1428 3117 1553 3201 Cicero,

413 3226 586 3293 Suetonius
610 3239 705 3316 atque
728 3229 870 3296 Tacitus.
894 3227 947 3292 Ad
965 3226 1148 3314 Vergilium
1172 3224 1283 3292 rettuli
1299 3226 1331 3290 in
1348 3248 1421 3291 mea
1436 3222 1553 3313 polone

413 3332 640 3400 dissertatione
662 3345 695 3401 et
717 3336 751 3399 in
774 3336 1006 3401 commentario
1030 3346 1121 3401 textu
1144 3333 1242 3398 huius
1265 3332 1416 3397 editionis
1442 3330 1554 3396 addito

413 3440 488 3528 plus
511 3442 629 3527 viginti
652 3441 757 3523 locos,
788 3442 830 3507 ad
856 3442 1029 3507 Horatium
1054 3442 1124 3508 fere
1146 3450 1286 3528 septem,
1313 3438 1459 3525 singulos
1482 3437 1554 3526 plu-

414 3568 509 3613 resue
532 3548 572 3612 ad
598 3558 722 3615 ceteros
744 3572 849 3637 neque
872 3560 980 3615 tamen
1005 3548 1127 3635 dubito,
1150 3549 1242 3636 quin,
1272 3547 1300 3611 si
1323 3547 1396 3635 quis
1419 3568 1554 3613 accura-

416 3655 480 3720 tius
504 3657 536 3720 in
561 3680 631 3721 uam
650 3680 717 3723 rem
736 3658 950 3746 inquisiverit
968 3657 1061 3745 plura
1077 3658 1174 3723 etiam
1192 3656 1398 3743 antiquorum
1415 3654 1556 3742 vestigio

415 3765 457 3828 sit
479 3764 682 3831 inventurus.
713 3765 866 3853 Singulos
889 3766 1030 3854 denique
1053 3766 1255 3831 Graecorum
1278 3773 1443 3852 poetarum
1468 3762 1555 3829 locis

415 3868 558 3959 Royaius
582 3872 679 3936 etiam
703 3870 813 3937 latinis
837 3872 986 3937 versibus
1010 3871 1178 3959 expressit,
1201 3880 1238 3935 ut
1257 3869 1392 3935 Homeri
1408 3870 1465 3953 (ΙΙ,
1480 3871 1556 3953 492,

415 3975 512 4058 XlV3
537 3976 621 4041 cons.
645 3977 689 4061 H,
715 3979 787 4063 135,
811 3977 881 4063 IV),
906 3977 1040 4042 Hesiodi
1057 3978 1113 4062 (ΙΙ,
1129 3979 1192 4043 491
1211 3999 1267 4063 sq,
1281 3976 1352 4041 XII
1368 3980 1436 4062 sq),
1450 3974 1557 4040 Theo·

415 4080 525 4167 gnidis
548 4083 605 4167 (II,
617 4085 683 4149 489
695 4087 762 4170 sq),
785 4084 1062 4171 posteriorumque
1081 4081 1299 4168 Antbologiae
1314 4090 1484 4146 auctorum
1500 4081 1557 4164 (ΙΙ,

415 4188 481 4253 489
504 4208 585 4275 sqq.;
607 4189 682 4274 465,
706 4189 762 4273 ΙΙ).
785 4191 824 4256 In
849 4190 1049 4255 carminibus
1072 4189 1141 4253 suis
1164 4188 1284 4254 diserte
1307 4186 1499 4274 provocavit
1513 4184 1556 4249 ad

416 4295 599 4361 Aristotelis
622 4297 679 4384 (ΙΙ,
702 4298 778 4384 476,
801 4296 982 4382 XXXIX),
1005 4295 1151 4361 Platonis
1174 4294 1231 4382 (ΙΙ,
1246 4297 1322 4381 474,
1338 4294 1466 4379 XXX),
1488 4295 1557 4359 Hu-

421 4401 535 4489 ripidis
558 4403 615 4488 (ΙΙ,
636 4406 712 4489 499,
734 4405 817 4488 LV),
841 4404 1049 4493 Hippocratis
1065 4403 1122 4489 (ΙΙ,
1137 4404 1214 4489 423,
1230 4401 1364 4483 XXIV)
1380 4402 1557 4468 sententias

416 4518 451 4574 et
480 4508 522 4575 ad
545 4510 713 4577 Ciceronis
743 4511 954 4601 epistularum
986 4510 1027 4577 ad
1052 4511 1199 4577 Atticum
1230 4511 1426 4597 scriptarum
1449 4509 1556 4575 locum

414 4614 471 4701 (Π,
495 4618 570 4703 alu,
594 4617 647 4701 V).
671 4618 796 4684 Habuit
818 4621 915 4687 etiam
938 4620 973 4685 in
997 4618 1147 4684 manibus
1170 4617 1345 4684 editionem
1363 4617 1556 4705 scriptorum

416 4724 465 4789 rei
488 4722 648 4809 militaris,
671 4748 735 4813 qua
759 4727 929 4813 Vegetius,
952 4726 1058 4792 Iulius
1073 4726 1261 4810 Frontinus,
1284 4723 1443 4789 Aelianus
1458 4722 1559 4791 latine

417 4829 566 4897 redditus
589 4840 620 4896 et
637 4830 740 4897 salsus
755 4831 810 4897 illo
825 4832 993 4899 Modestus
1009 4832 1260 4899 continebantur
1277 4831 1333 4917 (II,
1351 4832 1415 4897 199
1431 4854 1477 4919 sq.
1494 4832 1559 4913 24).
