4109 5767
432 923 502 967 aaa.
537 899 737 969 Sarmaticus
761 908 926 986 terrorque
949 897 1175 987 hostia-qui
1198 898 1276 965 hine
1291 899 1451 988 plurimus
1474 913 1571 990 atque

1390 1007 1480 1095 [hine

536 1115 595 1180 Est
618 1114 752 1198 eireum,
776 1122 986 1200 metuensque
1011 1135 1134 1198 senem,
1157 1136 1217 1178 sua
1239 1115 1383 1181 eontinet
1405 1137 1505 1202 arma,
1526 1155 1572 1166 -

536 1219 665 1284 Primus
688 1219 757 1302 erit,
779 1240 875 1306 quem
899 1241 974 1284 mox
999 1218 1234 1306 septem-plaga
1255 1230 1322 1286 tota
1344 1221 1458 1288 trionis

536 1326 642 1390 Prona
665 1347 811 1412 sequens,
836 1325 929 1388 Latio
952 1325 1102 1410 antiquos
1124 1325 1284 1390 instauret
1303 1325 1450 1393 honores.

538 1430 603 1496 Hie
623 1452 726 1518 nuper
749 1451 819 1495 sese
842 1431 985 1494 numeris
1008 1429 1148 1496 adversa
1171 1440 1361 1517 sequentum

432 1559 501 1602 sao.
537 1537 742 1624 Asseriptum
764 1535 903 1601 indoluit
925 1545 1080 1623 tantaque
1103 1535 1283 1602 infrenduit
1305 1538 1364 1624 ira,

538 1643 665 1710 Ablatis
688 1651 810 1732 quanta
833 1641 950 1709 catulis
973 1640 1169 1710 laetentibus
1192 1666 1269 1710 arsa

538 1749 614 1816 Sive
636 1747 749 1814 leaena
772 1769 885 1812 nemas
910 1748 1013 1813 fertur
1036 1747 1179 1814 violenta
1201 1771 1259 1836 per
1281 1748 1392 1836 altum,

536 1854 678 1920 Pastoris
702 1854 729 1918 si
752 1875 817 1942 qua
840 1863 1004 1940 apparent,
1027 1854 1166 1942 vestigia
1188 1877 1332 1940 servans,

536 1960 602 2040 Qui
626 1958 738 2025 duleas
762 1959 870 2046 rapuit
892 1960 977 2024 setus
1000 1969 1033 2024 et
1055 1960 1192 2047 pignora
1214 1981 1299 2044 ears,

432 2087 504 2134 sss.
540 2065 605 2130 Ore
628 2064 712 2130 traei
735 2087 830 2152 quem
854 2062 1009 2130 dilaeeret
1032 2065 1101 2130 sero
1123 2074 1156 2130 et
1176 2069 1326 2132 exseeet¹
1350 2067 1462 2154 ungui.

537 2171 592 2240 Sie
615 2193 731 2238 nomen
756 2172 940 2260 seruataque
964 2193 1057 2237 suam
1080 2170 1244 2238 tradueier
1265 2169 1360 2238 heros

536 2280 719 2346 'l'arnovius
743 2279 852 2347 sternit
874 2289 906 2348 et
929 2279 984 2345 vix
1009 2303 1044 2347 se
1066 2303 1132 2345 non
1154 2278 1301 2348 vindieat
1323 2281 1422 2346 armis
1433 2287 1454 2347 ¹.

625 2386 821 2478 Exemplum
844 2385 979 2453 illustris
1002 2387 1218 2477 pietatemque
1240 2387 1354 2454 inclita
1375 2387 1482 2476 proles

537 2497 729 2564 Seetatura³
751 2495 861 2584 patris,
884 2495 1002 2562 teneris
1025 2503 1063 2560 ut
1085 2495 1192 2562 iunior
1215 2495 1309 2562 annis

431 2625 500 2668 sao.
536 2602 742 2669 Tarnovius⁴
765 2602 868 2688 docet,
891 2611 1029 2669 aetatem
1053 2625 1088 2668 se
1110 2611 1239 2691 pectore
1262 2625 1361 2690 snpra

536 2709 696 2776 Attollens
719 2720 793 2795 toto,
816 2709 901 2796 regis
924 2709 1054 2797 qualem
1076 2708 1152 2774 aula
1174 2709 1340 2791 Quiritum

536 2816 660 2883 Eduxit
683 2817 766 2905 patri
790 2826 822 2884 et
843 2818 976 2907 patriae,
999 2840 1065 2883 non
1088 2816 1220 2883 turbida
1242 2839 1350 2883 rerum

535 2923 698 3012 Dogmata
721 2945 887 2990 saetarum
909 2922 1140 2990 malesuadave
1162 2923 1264 2990 verba
1287 2933 1443 2989 seentnm.

624 3029 829 3117 illustrisque
853 3028 1034 3097 Stanislaus
1057 3029 1260 3096 Taneinins⁶
1282 3028 1377 3114 adsit,

431 3157 501 3200 aas.
536 3135 683 3201 Deliciae
705 3135 840 3200 hnmani
863 3137 1000 3222 generis,
1023 3135 1123 3202 deeor
1143 3135 1249 3200 omnis
1272 3157 1434 3221 amorque,

534 3240 608 3321 Quo
630 3264 694 3307 non
716 3241 897 3307 sarmaticis
920 3241 1095 3329 quiequam
1117 3251 1166 3307 est
1189 3241 1360 3328 augustius
1382 3240 1457 3304 oris.

537 3346 600 3412 Hie
622 3347 706 3434 patri
730 3347 855 3433 similis,
877 3347 1026 3436 quamvis
1050 3347 1173 3412 maiora
1196 3354 1336 3431 seeatas,

534 3451 692 3538 (dranche,
714 3463 770 3517 tuo
792 3453 827 3518 in
851 3452 939 3538 solio,
962 3475 1027 3519 non
1051 3451 1280 3536 dissimulator,
1302 3461 1450 3539 apertum

534 3557 610 3624 Fert
634 3568 746 3646 peetus
768 3558 877 3648 prisea
898 3557 1032 3647 plenam
1055 3559 1181 3646 pietate
1206 3556 1271 3626 Sed
1294 3556 1381 3623 idem

430 3686 499 3732 sao.
536 3665 674 3752 Exosas,
695 3689 776 3756 quos
799 3689 864 3733 non
886 3664 969 3734 bene
991 3664 1171 3758 Thybridis
1193 3663 1297 3731 abluit
1320 3663 1417 3750 unda,

534 3773 639 3840 Mores
662 3797 702 3842 ae
724 3773 859 3863 dignam
881 3775 993 3864 poenis
1015 3784 1048 3842 et
1070 3797 1201 3842 caream
1224 3773 1344 3841 vitam:

533 3881 649 3950 Cetera
671 3883 847 3970 Romanas,
869 3883 945 3950 fidei
968 3882 1158 3950 observator
1180 3883 1297 3948 avitae

536 4041 543 4072 ¹
563 4043 696 4095 somus:
718 4045 853 4104 „snsest'.

533 4127 637 4182 ’cona
657 4145 733 4180 meas
757 4130 861 4181 dissert.
886 4147 911 4196 q.
936 4131 954 4181 i.
980 4132 1128 4196 ltayaynss,
1150 4147 1195 4198 pg.
1221 4127 1353 4183 loe-eo.
1392 4130 1517 4180 Ceteram
1535 4129 1567 4180 R

425 4218 557 4284 respicere
577 4219 626 4270 hee
645 4217 703 4268 ioco
721 4217 827 4270 videtur
845 4219 875 4270 A.
895 4219 1007 4271 Tricorii
1026 4219 1154 4270 carminis
1172 4235 1197 4270 a
1217 4217 1285 4272 1556
1302 4216 1482 4286 Bagiomontii
1500 4216 1570 4268 aditi

424 4323 451 4358 v.
471 4305 598 4374 1171qq.
618 4307 705 4374 (Cant.
728 4309 775 4359 Ka.
801 4305 953 4374 Baioarii,
981 4308 1074 4374 Dnieje
1102 4308 1272 4374 reformavi,
1299 4309 1321 4372 1,
1349 4304 1469 4358 Krakdw
1488 4303 1567 4371 leet,

425 4412 469 4464 pg.
488 4395 540 4450 691
560 4397 619 4464 aa).

532 4485 619 4538 'seii
641 4487 724 4550 „sst“.

531 4573 542 4606 ⁴
562 4577 674 4629 iamnes
690 4575 905 4644 Christaphoraa‚
925 4578 1089 4631 suanam·
1102 4579 1275 4645 veiniesnsis,
1287 4575 1340 4629 abi.
1353 4591 1378 4626 a
1399 4573 1477 4628 1567.
1495 4573 1569 4626 mu·

424 4664 539 4716 nabetur
557 4665 631 4718 mre·
649 4681 672 4716 a.
693 4662 763 4718 1546
781 4665 810 4716 in
829 4665 892 4717 auia
911 4667 1075 4719 Fordinandi
1094 4669 1116 4732 1,
1137 4676 1192 4719 tmn
1211 4665 1314 4718 romam
1331 4664 1412 4730 regis.

531 4749 543 4781 ⁸
561 4753 730 4806 Ontsiianns
748 4753 935 4821 hispolitana,
955 4756 1091 4824 palatinas
1107 4757 1298 4820 ernestionem,
1315 4753 1369 4805 obi.
1389 4768 1413 4803 ι
1435 4748 1514 4805 mea

529 4843 643 4889 emis..
660 4848 685 4889 r.
699 4847 716 4890 ι.
1427 4839 1462 4892 18
