<?xml version="1.0" encoding="UTF-8"?>
<!DOCTYPE html PUBLIC "-//W3C//DTD XHTML 1.0 Transitional//EN"
    "http://www.w3.org/TR/xhtml1/DTD/xhtml1-transitional.dtd">
<html xmlns="http://www.w3.org/1999/xhtml" xml:lang="en" lang="en">
 <head>
  <title>
</title>
<meta http-equiv="Content-Type" content="text/html;charset=utf-8" />
  <meta name='ocr-system' content='tesseract 3.04.00' />
  <meta name='ocr-capabilities' content='ocr_page ocr_carea ocr_par ocr_line ocrx_word'/>
</head>
<body>
  <div class='ocr_page' id='page_1' title='image "./petriroyziimaur00morogoog_0185.png"; bbox 0 0 4109 5767; ppageno 0'>
   <div class='ocr_carea' id='block_1_1' title="bbox 636 781 1516 849">
    <p class='ocr_par' dir='ltr' id='par_1_1' title="bbox 636 781 1516 849">
     <span class='ocr_line' id='line_1_1' title="bbox 636 781 1516 849; baseline -0.005 -9"><span class='ocrx_word' id='word_1_1' title='bbox 636 802 840 840; x_wconf 76' lang='lat' dir='ltr'><strong>arrrsausmmr</strong></span> <span class='ocrx_word' id='word_1_2' title='bbox 857 799 1009 839; x_wconf 71' lang='lat' dir='ltr'><strong>srnrucsur</strong></span> <span class='ocrx_word' id='word_1_3' title='bbox 1027 802 1047 837; x_wconf 88' lang='lat' dir='ltr'><strong>n</strong></span> <span class='ocrx_word' id='word_1_4' title='bbox 1067 802 1101 837; x_wconf 81' lang='lat' dir='ltr'><strong>rr</strong></span> <span class='ocrx_word' id='word_1_5' title='bbox 1119 799 1249 839; x_wconf 67' lang='lat' dir='ltr'><strong>atulam</strong></span> <span class='ocrx_word' id='word_1_6' title='bbox 1473 781 1516 849; x_wconf 77' lang='grc'><strong>57</strong></span> 
     </span>
    </p>
   </div>
   <div class='ocr_carea' id='block_1_2' title="bbox 380 995 1477 4614">
    <p class='ocr_par' dir='ltr' id='par_1_2' title="bbox 380 995 1477 4614">
     <span class='ocr_line' id='line_1_2' title="bbox 380 995 1169 1085; baseline -0.005 -20"><span class='ocrx_word' id='word_1_7' title='bbox 380 1018 451 1065; x_wconf 83' lang='lat' dir='ltr'><strong>ssu.</strong></span> <span class='ocrx_word' id='word_1_8' title='bbox 486 999 530 1065; x_wconf 82' lang='lat' dir='ltr'><strong>Itt</strong></span> <span class='ocrx_word' id='word_1_9' title='bbox 550 998 616 1076; x_wconf 88' lang='lat' dir='ltr'><strong>late</strong></span> <span class='ocrx_word' id='word_1_10' title='bbox 637 998 739 1085; x_wconf 89' lang='lat' dir='ltr'><strong>guttis</strong></span> <span class='ocrx_word' id='word_1_11' title='bbox 762 998 878 1063; x_wconf 84' lang='lat' dir='ltr'><strong>irrorat</strong></span> <span class='ocrx_word' id='word_1_12' title='bbox 900 995 1080 1083; x_wconf 74' lang='lat' dir='ltr'>grandibus</span> <span class='ocrx_word' id='word_1_13' title='bbox 1103 1016 1169 1062; x_wconf 83' lang='lat' dir='ltr'><strong>ora</strong></span> 
     </span>
     <span class='ocr_line' id='line_1_3' title="bbox 483 1101 1304 1190; baseline -0.006 -19"><span class='ocrx_word' id='word_1_14' title='bbox 483 1102 614 1171; x_wconf 88' lang='lat' dir='ltr'><strong>Deinde</strong></span> <span class='ocrx_word' id='word_1_15' title='bbox 635 1112 732 1171; x_wconf 87' lang='lat' dir='ltr'><strong>vocat</strong></span> <span class='ocrx_word' id='word_1_16' title='bbox 753 1124 866 1169; x_wconf 88' lang='lat' dir='ltr'><strong>rursus</strong></span> <span class='ocrx_word' id='word_1_17' title='bbox 888 1103 1022 1190; x_wconf 89' lang='lat' dir='ltr'><strong>repetito</strong></span> <span class='ocrx_word' id='word_1_18' title='bbox 1046 1112 1082 1168; x_wconf 92' lang='lat' dir='ltr'><strong>ut</strong></span> <span class='ocrx_word' id='word_1_19' title='bbox 1103 1101 1184 1167; x_wconf 87' lang='lat' dir='ltr'><strong>tibin</strong></span> <span class='ocrx_word' id='word_1_20' title='bbox 1206 1111 1304 1167; x_wconf 86' lang='lat' dir='ltr'><strong>cantu</strong></span> 
     </span>
     <span class='ocr_line' id='line_1_4' title="bbox 483 1205 1412 1296; baseline -0.005 -20"><span class='ocrx_word' id='word_1_21' title='bbox 483 1209 537 1276; x_wconf 88' lang='lat' dir='ltr'><strong>Ad</strong></span> <span class='ocrx_word' id='word_1_22' title='bbox 561 1208 721 1295; x_wconf 87' lang='lat' dir='ltr'><strong>choream,</strong></span> <span class='ocrx_word' id='word_1_23' title='bbox 743 1208 881 1277; x_wconf 69' lang='lat' dir='ltr'><strong>radam</strong></span> <span class='ocrx_word' id='word_1_24' title='bbox 903 1231 1004 1295; x_wconf 86' lang='lat' dir='ltr'><strong>acres,</strong></span> <span class='ocrx_word' id='word_1_25' title='bbox 1027 1206 1153 1276; x_wconf 86' lang='lat' dir='ltr'><strong>volucri</strong></span> <span class='ocrx_word' id='word_1_26' title='bbox 1176 1206 1259 1296; x_wconf 91' lang='lat' dir='ltr'><strong>pede</strong></span> <span class='ocrx_word' id='word_1_27' title='bbox 1281 1205 1412 1294; x_wconf 89' lang='lat' dir='ltr'><strong>pulsant</strong></span> 
     </span>
     <span class='ocr_line' id='line_1_5' title="bbox 484 1311 1351 1401; baseline -0.006 -20"><span class='ocrx_word' id='word_1_28' title='bbox 484 1317 591 1398; x_wconf 78' lang='lat' dir='ltr'><strong>Atria3</strong></span> <span class='ocrx_word' id='word_1_29' title='bbox 614 1316 672 1382; x_wconf 87' lang='lat' dir='ltr'><strong>vix</strong></span> <span class='ocrx_word' id='word_1_30' title='bbox 694 1337 822 1381; x_wconf 86' lang='lat' dir='ltr'><strong>summa</strong></span> <span class='ocrx_word' id='word_1_31' title='bbox 845 1316 1010 1401; x_wconf 87' lang='lat' dir='ltr'><strong>attingunt</strong></span> <span class='ocrx_word' id='word_1_32' title='bbox 1032 1313 1102 1381; x_wconf 92' lang='lat' dir='ltr'><strong>sola</strong></span> <span class='ocrx_word' id='word_1_33' title='bbox 1122 1313 1210 1381; x_wconf 86' lang='lat' dir='ltr'><strong>levia</strong></span> <span class='ocrx_word' id='word_1_34' title='bbox 1231 1311 1351 1400; x_wconf 82' lang='lat' dir='ltr'><strong>planta</strong></span> 
     </span>
     <span class='ocr_line' id='line_1_6' title="bbox 483 1418 1382 1512; baseline -0.006 -23"><span class='ocrx_word' id='word_1_35' title='bbox 483 1420 597 1489; x_wconf 83' lang='lat' dir='ltr'><strong>Altera</strong></span> <span class='ocrx_word' id='word_1_36' title='bbox 619 1422 708 1489; x_wconf 83' lang='lat' dir='ltr'><strong>facta</strong></span> <span class='ocrx_word' id='word_1_37' title='bbox 729 1423 831 1512; x_wconf 80' lang='lat' dir='ltr'><strong>quies,</strong></span> <span class='ocrx_word' id='word_1_38' title='bbox 853 1430 960 1489; x_wconf 77' lang='lat' dir='ltr'><strong>oessut</strong></span> <span class='ocrx_word' id='word_1_39' title='bbox 982 1444 1058 1487; x_wconf 90' lang='lat' dir='ltr'><strong>cum</strong></span> <span class='ocrx_word' id='word_1_40' title='bbox 1081 1420 1171 1507; x_wconf 88' lang='lat' dir='ltr'><strong>tibia,</strong></span> <span class='ocrx_word' id='word_1_41' title='bbox 1193 1420 1279 1485; x_wconf 87' lang='lat' dir='ltr'><strong>vires</strong></span> <span class='ocrx_word' id='word_1_42' title='bbox 1381 1418 1382 1423; x_wconf 71' lang='grc'>’</span> 
     </span>
     <span class='ocr_line' id='line_1_7' title="bbox 380 1525 1321 1618; baseline -0.004 -23"><span class='ocrx_word' id='word_1_43' title='bbox 380 1550 450 1595; x_wconf 82' lang='lat' dir='ltr'><strong>ssa.</strong></span> <span class='ocrx_word' id='word_1_44' title='bbox 484 1530 639 1618; x_wconf 82' lang='lat' dir='ltr'><strong>Integrat</strong></span> <span class='ocrx_word' id='word_1_45' title='bbox 670 1529 737 1597; x_wconf 86' lang='lat' dir='ltr'><strong>Hic</strong></span> <span class='ocrx_word' id='word_1_46' title='bbox 759 1530 863 1596; x_wconf 86' lang='lat' dir='ltr'><strong>maior</strong></span> <span class='ocrx_word' id='word_1_47' title='bbox 884 1529 951 1596; x_wconf 92' lang='lat' dir='ltr'><strong>leni</strong></span> <span class='ocrx_word' id='word_1_48' title='bbox 973 1529 1045 1595; x_wconf 87' lang='lat' dir='ltr'><strong>fluit</strong></span> <span class='ocrx_word' id='word_1_49' title='bbox 1068 1528 1198 1617; x_wconf 78' lang='lat' dir='ltr'><strong>agmine</strong></span> <span class='ocrx_word' id='word_1_50' title='bbox 1220 1525 1321 1593; x_wconf 90' lang='lat' dir='ltr'><strong>sudor</strong></span> 
     </span>
     <span class='ocr_line' id='line_1_8' title="bbox 485 1638 1164 1727; baseline -0.003 -22"><span class='ocrx_word' id='word_1_51' title='bbox 485 1638 527 1705; x_wconf 75' lang='lat' dir='ltr'><strong>lut</strong></span> <span class='ocrx_word' id='word_1_52' title='bbox 549 1639 641 1707; x_wconf 85' lang='lat' dir='ltr'><strong>tereti</strong></span> <span class='ocrx_word' id='word_1_53' title='bbox 665 1648 758 1727; x_wconf 81' lang='lat' dir='ltr'><strong>gutta</strong></span> <span class='ocrx_word' id='word_1_54' title='bbox 779 1638 906 1706; x_wconf 83' lang='lat' dir='ltr'><strong>laxatos</strong></span> <span class='ocrx_word' id='word_1_55' title='bbox 928 1638 1044 1724; x_wconf 83' lang='lat' dir='ltr'><strong>irrigat</strong></span> <span class='ocrx_word' id='word_1_56' title='bbox 1065 1646 1164 1704; x_wconf 87' lang='lat' dir='ltr'><strong>artus.</strong></span> 
     </span>
     <span class='ocr_line' id='line_1_9' title="bbox 484 1744 1286 1838; baseline -0.002 -25"><span class='ocrx_word' id='word_1_57' title='bbox 484 1746 617 1835; x_wconf 88' lang='lat' dir='ltr'><strong>Ultima,</strong></span> <span class='ocrx_word' id='word_1_58' title='bbox 637 1748 703 1815; x_wconf 85' lang='lat' dir='ltr'><strong>inm</strong></span> <span class='ocrx_word' id='word_1_59' title='bbox 725 1748 849 1838; x_wconf 84' lang='lat' dir='ltr'><strong>primae</strong></span> <span class='ocrx_word' id='word_1_60' title='bbox 870 1748 969 1814; x_wconf 84' lang='lat' dir='ltr'><strong>tinem</strong></span> <span class='ocrx_word' id='word_1_61' title='bbox 991 1747 1120 1814; x_wconf 83' lang='lat' dir='ltr'><strong>factura</strong></span> <span class='ocrx_word' id='word_1_62' title='bbox 1142 1744 1286 1832; x_wconf 85' lang='lat' dir='ltr'><strong>choreae,</strong></span> 
     </span>
     <span class='ocr_line' id='line_1_10' title="bbox 483 1855 1251 1925; baseline -0.004 -3"><span class='ocrx_word' id='word_1_63' title='bbox 483 1855 580 1923; x_wconf 82' lang='lat' dir='ltr'><strong>Tibia</strong></span> <span class='ocrx_word' id='word_1_64' title='bbox 602 1856 720 1924; x_wconf 80' lang='lat' dir='ltr'><strong>festivo</strong></span> <span class='ocrx_word' id='word_1_65' title='bbox 742 1856 928 1924; x_wconf 71' lang='lat' dir='ltr'><strong>accelerans</strong></span> <span class='ocrx_word' id='word_1_66' title='bbox 951 1856 1026 1925; x_wconf 84' lang='lat' dir='ltr'><strong>ferit</strong></span> <span class='ocrx_word' id='word_1_67' title='bbox 1049 1877 1125 1923; x_wconf 87' lang='lat' dir='ltr'><strong>aera</strong></span> <span class='ocrx_word' id='word_1_68' title='bbox 1144 1862 1251 1923; x_wconf 91' lang='lat' dir='ltr'><strong>cantu.</strong></span> 
     </span>
     <span class='ocr_line' id='line_1_11' title="bbox 483 1960 1477 2053; baseline -0.003 -24"><span class='ocrx_word' id='word_1_69' title='bbox 483 1963 524 2029; x_wconf 91' lang='lat' dir='ltr'><strong>In</strong></span> <span class='ocrx_word' id='word_1_70' title='bbox 547 1965 652 2052; x_wconf 84' lang='lat' dir='ltr'><strong>spatia</strong></span> <span class='ocrx_word' id='word_1_71' title='bbox 674 1964 858 2053; x_wconf 88' lang='lat' dir='ltr'><strong>irrumpunt</strong></span> <span class='ocrx_word' id='word_1_72' title='bbox 881 1987 941 2030; x_wconf 88' lang='lat' dir='ltr'><strong>sua</strong></span> <span class='ocrx_word' id='word_1_73' title='bbox 962 1964 1101 2052; x_wconf 87' lang='lat' dir='ltr'><strong>quisque</strong></span> <span class='ocrx_word' id='word_1_74' title='bbox 1122 1960 1212 2029; x_wconf 86' lang='lat' dir='ltr'><strong>haud</strong></span> <span class='ocrx_word' id='word_1_75' title='bbox 1235 1960 1367 2050; x_wconf 87' lang='lat' dir='ltr'><strong>segnius</strong></span> <span class='ocrx_word' id='word_1_76' title='bbox 1390 1982 1477 2046; x_wconf 86' lang='lat' dir='ltr'><strong>euro,</strong></span> 
     </span>
     <span class='ocr_line' id='line_1_12' title="bbox 380 2068 1275 2160; baseline 0.003 -26"><span class='ocrx_word' id='word_1_77' title='bbox 380 2089 450 2135; x_wconf 86' lang='lat' dir='ltr'><strong>sac.</strong></span> <span class='ocrx_word' id='word_1_78' title='bbox 483 2068 729 2159; x_wconf 88' lang='lat' dir='ltr'><strong>Illaqneantque</strong></span> <span class='ocrx_word' id='word_1_79' title='bbox 751 2070 850 2160; x_wconf 83' lang='lat' dir='ltr'><strong>pedes</strong></span> <span class='ocrx_word' id='word_1_80' title='bbox 872 2080 913 2158; x_wconf 87' lang='lat' dir='ltr'><strong>et,</strong></span> <span class='ocrx_word' id='word_1_81' title='bbox 935 2079 1001 2137; x_wconf 89' lang='lat' dir='ltr'><strong>toto</strong></span> <span class='ocrx_word' id='word_1_82' title='bbox 1024 2092 1158 2159; x_wconf 87' lang='lat' dir='ltr'><strong>corpore</strong></span> <span class='ocrx_word' id='word_1_83' title='bbox 1180 2070 1275 2156; x_wconf 85' lang='lat' dir='ltr'><strong>versi,</strong></span> 
     </span>
     <span class='ocr_line' id='line_1_13' title="bbox 484 2175 1425 2267; baseline -0.002 -25"><span class='ocrx_word' id='word_1_84' title='bbox 484 2177 525 2243; x_wconf 90' lang='lat' dir='ltr'><strong>In</strong></span> <span class='ocrx_word' id='word_1_85' title='bbox 548 2176 697 2245; x_wconf 88' lang='lat' dir='ltr'><strong>dextram</strong></span> <span class='ocrx_word' id='word_1_86' title='bbox 719 2176 910 2267; x_wconf 86' lang='lat' dir='ltr'><strong>laevamque</strong></span> <span class='ocrx_word' id='word_1_87' title='bbox 932 2188 1032 2245; x_wconf 90' lang='lat' dir='ltr'><strong>ruunt</strong></span> <span class='ocrx_word' id='word_1_88' title='bbox 1055 2179 1244 2265; x_wconf 73' lang='lat' dir='ltr'><strong>circumque</strong></span> <span class='ocrx_word' id='word_1_89' title='bbox 1266 2175 1425 2263; x_wconf 83' lang='lat' dir='ltr'><strong>feruntur,</strong></span> 
     </span>
     <span class='ocr_line' id='line_1_14' title="bbox 484 2284 1324 2376; baseline 0 -24"><span class='ocrx_word' id='word_1_90' title='bbox 484 2286 600 2352; x_wconf 88' lang='lat' dir='ltr'><strong>Donec</strong></span> <span class='ocrx_word' id='word_1_91' title='bbox 622 2307 750 2353; x_wconf 87' lang='lat' dir='ltr'><strong>summa</strong></span> <span class='ocrx_word' id='word_1_92' title='bbox 772 2288 864 2375; x_wconf 89' lang='lat' dir='ltr'><strong>quiea</strong></span> <span class='ocrx_word' id='word_1_93' title='bbox 886 2286 1005 2354; x_wconf 86' lang='lat' dir='ltr'><strong>ductae</strong></span> <span class='ocrx_word' id='word_1_94' title='bbox 1027 2286 1157 2376; x_wconf 83' lang='lat' dir='ltr'><strong>signata</strong></span> <span class='ocrx_word' id='word_1_95' title='bbox 1180 2284 1324 2353; x_wconf 79' lang='lat' dir='ltr'><strong>choreae</strong></span> 
     </span>
     <span class='ocr_line' id='line_1_15' title="bbox 485 2391 1314 2481; baseline -0.002 -23"><span class='ocrx_word' id='word_1_96' title='bbox 485 2392 550 2459; x_wconf 88' lang='lat' dir='ltr'><strong>Hic</strong></span> <span class='ocrx_word' id='word_1_97' title='bbox 572 2391 714 2460; x_wconf 90' lang='lat' dir='ltr'><strong>deducta</strong></span> <span class='ocrx_word' id='word_1_98' title='bbox 736 2415 836 2459; x_wconf 89' lang='lat' dir='ltr'><strong>manu</strong></span> <span class='ocrx_word' id='word_1_99' title='bbox 858 2393 928 2460; x_wconf 91' lang='lat' dir='ltr'><strong>sedi</strong></span> <span class='ocrx_word' id='word_1_100' title='bbox 951 2417 1012 2459; x_wconf 88' lang='lat' dir='ltr'><strong>sua</strong></span> <span class='ocrx_word' id='word_1_101' title='bbox 1034 2394 1152 2481; x_wconf 86' lang='lat' dir='ltr'><strong>cuique</strong></span> <span class='ocrx_word' id='word_1_102' title='bbox 1174 2391 1314 2460; x_wconf 83' lang='lat' dir='ltr'><strong>refertur</strong></span> 
     </span>
     <span class='ocr_line' id='line_1_16' title="bbox 484 2496 1365 2586; baseline 0 -25"><span class='ocrx_word' id='word_1_103' title='bbox 484 2496 586 2563; x_wconf 76' lang='lat' dir='ltr'><strong>Fessa</strong></span> <span class='ocrx_word' id='word_1_104' title='bbox 607 2498 729 2586; x_wconf 78' lang='lat' dir='ltr'><strong>puella3</strong></span> <span class='ocrx_word' id='word_1_105' title='bbox 751 2501 831 2565; x_wconf 88' lang='lat' dir='ltr'><strong>turis</strong></span> <span class='ocrx_word' id='word_1_106' title='bbox 853 2497 1071 2565; x_wconf 71' lang='lat' dir='ltr'><strong>discumbitur</strong></span> <span class='ocrx_word' id='word_1_107' title='bbox 1094 2498 1238 2584; x_wconf 89' lang='lat' dir='ltr'><strong>undique</strong></span> <span class='ocrx_word' id='word_1_108' title='bbox 1259 2497 1365 2584; x_wconf 88' lang='lat' dir='ltr'><strong>pictis,</strong></span> 
     </span>
     <span class='ocr_line' id='line_1_17' title="bbox 380 2601 1246 2690; baseline 0.001 -24"><span class='ocrx_word' id='word_1_109' title='bbox 380 2621 451 2667; x_wconf 86' lang='lat' dir='ltr'><strong>sea.</strong></span> <span class='ocrx_word' id='word_1_110' title='bbox 485 2601 663 2668; x_wconf 89' lang='lat' dir='ltr'><strong>Barbarico</strong></span> <span class='ocrx_word' id='word_1_111' title='bbox 684 2604 781 2690; x_wconf 88' lang='lat' dir='ltr'><strong>pictis</strong></span> <span class='ocrx_word' id='word_1_112' title='bbox 803 2624 883 2669; x_wconf 88' lang='lat' dir='ltr'><strong>auro</strong></span> <span class='ocrx_word' id='word_1_113' title='bbox 904 2613 937 2671; x_wconf 88' lang='lat' dir='ltr'><strong>et</strong></span> <span class='ocrx_word' id='word_1_114' title='bbox 959 2603 1126 2689; x_wconf 84' lang='lat' dir='ltr'><strong>ferrugine</strong></span> <span class='ocrx_word' id='word_1_115' title='bbox 1147 2602 1246 2668; x_wconf 82' lang='lat' dir='ltr'><strong>ibera</strong></span> 
     </span>
     <span class='ocr_line' id='line_1_18' title="bbox 486 2704 1405 2796; baseline 0 -25"><span class='ocrx_word' id='word_1_116' title='bbox 486 2707 573 2773; x_wconf 88' lang='lat' dir='ltr'><strong>Hinc</strong></span> <span class='ocrx_word' id='word_1_117' title='bbox 595 2718 692 2796; x_wconf 89' lang='lat' dir='ltr'><strong>atque</strong></span> <span class='ocrx_word' id='word_1_118' title='bbox 714 2707 791 2775; x_wconf 87' lang='lat' dir='ltr'><strong>inde</strong></span> <span class='ocrx_word' id='word_1_119' title='bbox 812 2718 900 2774; x_wconf 90' lang='lat' dir='ltr'><strong>toros</strong></span> <span class='ocrx_word' id='word_1_120' title='bbox 922 2707 1112 2775; x_wconf 89' lang='lat' dir='ltr'><strong>circumstat</strong></span> <span class='ocrx_word' id='word_1_121' title='bbox 1135 2706 1280 2775; x_wconf 88' lang='lat' dir='ltr'><strong>mascula</strong></span> <span class='ocrx_word' id='word_1_122' title='bbox 1303 2704 1405 2795; x_wconf 91' lang='lat' dir='ltr'><strong>pubes</strong></span> 
     </span>
     <span class='ocr_line' id='line_1_19' title="bbox 484 2811 1222 2901; baseline -0.001 -22"><span class='ocrx_word' id='word_1_123' title='bbox 484 2811 615 2900; x_wconf 84' lang='lat' dir='ltr'><strong>Oraque</strong></span> <span class='ocrx_word' id='word_1_124' title='bbox 637 2812 781 2879; x_wconf 89' lang='lat' dir='ltr'><strong>desiccat</strong></span> <span class='ocrx_word' id='word_1_125' title='bbox 804 2812 909 2879; x_wconf 87' lang='lat' dir='ltr'><strong>nitida</strong></span> <span class='ocrx_word' id='word_1_126' title='bbox 931 2813 1075 2878; x_wconf 87' lang='lat' dir='ltr'><strong>mrantiu</strong></span> <span class='ocrx_word' id='word_1_127' title='bbox 1096 2834 1222 2901; x_wconf 83' lang='lat' dir='ltr'><strong>mappa</strong></span> 
     </span>
     <span class='ocr_line' id='line_1_20' title="bbox 483 2918 1386 3010; baseline -0.006 -24"><span class='ocrx_word' id='word_1_128' title='bbox 483 2918 555 2986; x_wconf 86' lang='lat' dir='ltr'><strong>Nec</strong></span> <span class='ocrx_word' id='word_1_129' title='bbox 577 2919 685 2986; x_wconf 85' lang='lat' dir='ltr'><strong>minus</strong></span> <span class='ocrx_word' id='word_1_130' title='bbox 707 2920 741 2985; x_wconf 92' lang='lat' dir='ltr'><strong>in</strong></span> <span class='ocrx_word' id='word_1_131' title='bbox 765 2920 884 3007; x_wconf 85' lang='lat' dir='ltr'><strong>stratis,</strong></span> <span class='ocrx_word' id='word_1_132' title='bbox 906 2920 1030 3010; x_wconf 83' lang='lat' dir='ltr'><strong>pumici</strong></span> <span class='ocrx_word' id='word_1_133' title='bbox 1053 2918 1197 2987; x_wconf 84' lang='lat' dir='ltr'><strong>exercitu</strong></span> <span class='ocrx_word' id='word_1_134' title='bbox 1219 2940 1327 3004; x_wconf 89' lang='lat' dir='ltr'><strong>cursu,</strong></span> <span class='ocrx_word' id='word_1_135' title='bbox 1384 2919 1386 2925; x_wconf 86' lang='lat'>&#39;</span> 
     </span>
     <span class='ocr_line' id='line_1_21' title="bbox 485 3025 1259 3116; baseline 0 -23"><span class='ocrx_word' id='word_1_136' title='bbox 485 3025 644 3094; x_wconf 84' lang='lat' dir='ltr'><strong>Sudorem</strong></span> <span class='ocrx_word' id='word_1_137' title='bbox 666 3029 761 3116; x_wconf 78' lang='lat' dir='ltr'><strong>virgo</strong></span> <span class='ocrx_word' id='word_1_138' title='bbox 782 3039 895 3096; x_wconf 89' lang='lat' dir='ltr'><strong>tenera</strong></span> <span class='ocrx_word' id='word_1_139' title='bbox 915 3028 957 3095; x_wconf 92' lang='lat' dir='ltr'><strong>de</strong></span> <span class='ocrx_word' id='word_1_140' title='bbox 979 3029 1085 3095; x_wconf 83' lang='lat' dir='ltr'><strong>fronte</strong></span> <span class='ocrx_word' id='word_1_141' title='bbox 1107 3028 1259 3095; x_wconf 89' lang='lat' dir='ltr'><strong>fluentem</strong></span> 
     </span>
     <span class='ocr_line' id='line_1_22' title="bbox 381 3134 1312 3227; baseline 0.002 -26"><span class='ocrx_word' id='word_1_142' title='bbox 381 3156 451 3203; x_wconf 85' lang='lat' dir='ltr'><strong>see.</strong></span> <span class='ocrx_word' id='word_1_143' title='bbox 484 3134 647 3204; x_wconf 76' lang='lat' dir='ltr'><strong>Gaudenti</strong></span> <span class='ocrx_word' id='word_1_144' title='bbox 668 3138 766 3226; x_wconf 78' lang='lat' dir='ltr'><strong>tergit</strong></span> <span class='ocrx_word' id='word_1_145' title='bbox 787 3136 863 3226; x_wconf 83' lang='lat' dir='ltr'><strong>lino,</strong></span> <span class='ocrx_word' id='word_1_146' title='bbox 885 3136 1023 3227; x_wconf 88' lang='lat' dir='ltr'><strong>pulchra</strong></span> <span class='ocrx_word' id='word_1_147' title='bbox 1045 3160 1102 3204; x_wconf 82' lang='lat' dir='ltr'><strong>ura</strong></span> <span class='ocrx_word' id='word_1_148' title='bbox 1125 3158 1312 3225; x_wconf 80' lang='lat' dir='ltr'><strong>manusque</strong></span> 
     </span>
     <span class='ocr_line' id='line_1_23' title="bbox 485 3244 1289 3335; baseline 0.001 -25"><span class='ocrx_word' id='word_1_149' title='bbox 485 3244 641 3312; x_wconf 80' lang='lat' dir='ltr'><strong>Exsiccat</strong></span> <span class='ocrx_word' id='word_1_150' title='bbox 663 3268 790 3335; x_wconf 81' lang='lat' dir='ltr'><strong>mappa,</strong></span> <span class='ocrx_word' id='word_1_151' title='bbox 812 3256 844 3314; x_wconf 87' lang='lat' dir='ltr'><strong>et</strong></span> <span class='ocrx_word' id='word_1_152' title='bbox 866 3255 970 3313; x_wconf 83' lang='lat' dir='ltr'><strong>motas</strong></span> <span class='ocrx_word' id='word_1_153' title='bbox 992 3245 1171 3313; x_wconf 77' lang='lat' dir='ltr'><strong>exsuscitet</strong></span> <span class='ocrx_word' id='word_1_154' title='bbox 1193 3267 1289 3311; x_wconf 87' lang='lat' dir='ltr'><strong>auras</strong></span> 
     </span>
     <span class='ocr_line' id='line_1_24' title="bbox 484 3350 1380 3442; baseline -0.002 -23"><span class='ocrx_word' id='word_1_155' title='bbox 484 3351 617 3419; x_wconf 79' lang='lat' dir='ltr'><strong>Circum</strong></span> <span class='ocrx_word' id='word_1_156' title='bbox 640 3375 698 3419; x_wconf 89' lang='lat' dir='ltr'><strong>ora</strong></span> <span class='ocrx_word' id='word_1_157' title='bbox 720 3352 928 3441; x_wconf 87' lang='lat' dir='ltr'><strong>albentesque</strong></span> <span class='ocrx_word' id='word_1_158' title='bbox 950 3375 1051 3442; x_wconf 87' lang='lat' dir='ltr'><strong>genas</strong></span> <span class='ocrx_word' id='word_1_159' title='bbox 1074 3362 1106 3419; x_wconf 88' lang='lat' dir='ltr'><strong>ct</strong></span> <span class='ocrx_word' id='word_1_160' title='bbox 1128 3350 1258 3419; x_wconf 90' lang='lat' dir='ltr'><strong>roscida</strong></span> <span class='ocrx_word' id='word_1_161' title='bbox 1279 3350 1380 3419; x_wconf 84' lang='lat' dir='ltr'><strong>labra</strong></span> 
     </span>
     <span class='ocr_line' id='line_1_25' title="bbox 573 3459 1455 3550; baseline -0.002 -24"><span class='ocrx_word' id='word_1_162' title='bbox 573 3459 702 3527; x_wconf 83' lang='lat' dir='ltr'><strong>Interea</strong></span> <span class='ocrx_word' id='word_1_163' title='bbox 723 3470 890 3550; x_wconf 80' lang='lat' dir='ltr'><strong>exspectat</strong></span> <span class='ocrx_word' id='word_1_164' title='bbox 911 3460 1062 3528; x_wconf 72' lang='lat' dir='ltr'><strong>choream</strong></span> <span class='ocrx_word' id='word_1_165' title='bbox 1085 3459 1164 3526; x_wconf 88' lang='lat' dir='ltr'><strong>dum</strong></span> <span class='ocrx_word' id='word_1_166' title='bbox 1187 3460 1271 3527; x_wconf 83' lang='lat' dir='ltr'><strong>laeta</strong></span> <span class='ocrx_word' id='word_1_167' title='bbox 1293 3459 1455 3545; x_wconf 82' lang='lat' dir='ltr'><strong>iuventus,</strong></span> 
     </span>
     <span class='ocr_line' id='line_1_26' title="bbox 485 3566 1400 3657; baseline 0 -25"><span class='ocrx_word' id='word_1_168' title='bbox 485 3566 579 3647; x_wconf 80' lang='lat' dir='ltr'><strong>Quae</strong></span> <span class='ocrx_word' id='word_1_169' title='bbox 600 3590 677 3633; x_wconf 85' lang='lat' dir='ltr'><strong>mox</strong></span> <span class='ocrx_word' id='word_1_170' title='bbox 700 3578 750 3635; x_wconf 91' lang='lat' dir='ltr'><strong>est</strong></span> <span class='ocrx_word' id='word_1_171' title='bbox 772 3567 935 3657; x_wconf 88' lang='lat' dir='ltr'><strong>agitanda,</strong></span> <span class='ocrx_word' id='word_1_172' title='bbox 957 3578 1044 3635; x_wconf 89' lang='lat' dir='ltr'><strong>toros</strong></span> <span class='ocrx_word' id='word_1_173' title='bbox 1067 3568 1288 3656; x_wconf 80' lang='lat' dir='ltr'><strong>circumspicit</strong></span> <span class='ocrx_word' id='word_1_174' title='bbox 1310 3566 1400 3653; x_wconf 85' lang='lat' dir='ltr'><strong>altos,</strong></span> 
     </span>
     <span class='ocr_line' id='line_1_27' title="bbox 381 3673 1318 3765; baseline 0.001 -25"><span class='ocrx_word' id='word_1_175' title='bbox 381 3695 450 3741; x_wconf 80' lang='lat' dir='ltr'><strong>aaa.</strong></span> <span class='ocrx_word' id='word_1_176' title='bbox 485 3673 575 3741; x_wconf 92' lang='lat' dir='ltr'><strong>Ordo</strong></span> <span class='ocrx_word' id='word_1_177' title='bbox 598 3675 779 3763; x_wconf 77' lang='lat' dir='ltr'><strong>puellarum</strong></span> <span class='ocrx_word' id='word_1_178' title='bbox 802 3700 883 3765; x_wconf 89' lang='lat' dir='ltr'><strong>qnos</strong></span> <span class='ocrx_word' id='word_1_179' title='bbox 904 3674 1065 3765; x_wconf 81' lang='lat' dir='ltr'><strong>plurimus</strong></span> <span class='ocrx_word' id='word_1_180' title='bbox 1087 3685 1238 3764; x_wconf 79' lang='lat' dir='ltr'><strong>occupat3</strong></span> <span class='ocrx_word' id='word_1_181' title='bbox 1260 3697 1318 3741; x_wconf 89' lang='lat' dir='ltr'><strong>cra</strong></span> 
     </span>
     <span class='ocr_line' id='line_1_28' title="bbox 484 3781 1335 3873; baseline 0 -24"><span class='ocrx_word' id='word_1_182' title='bbox 484 3781 650 3849; x_wconf 88' lang='lat' dir='ltr'><strong>Sollicitus</strong></span> <span class='ocrx_word' id='word_1_183' title='bbox 672 3782 736 3849; x_wconf 84' lang='lat' dir='ltr'><strong>fert</strong></span> <span class='ocrx_word' id='word_1_184' title='bbox 757 3782 823 3849; x_wconf 88' lang='lat' dir='ltr'><strong>huc</strong></span> <span class='ocrx_word' id='word_1_185' title='bbox 844 3783 1032 3873; x_wconf 82' lang='lat' dir='ltr'><strong>intenteque</strong></span> <span class='ocrx_word' id='word_1_186' title='bbox 1054 3784 1179 3850; x_wconf 83' lang='lat' dir='ltr'><strong>lumina</strong></span> <span class='ocrx_word' id='word_1_187' title='bbox 1201 3782 1335 3849; x_wconf 86' lang='lat' dir='ltr'><strong>volvens</strong></span> 
     </span>
     <span class='ocr_line' id='line_1_29' title="bbox 485 3887 1331 3978; baseline 0.002 -25"><span class='ocrx_word' id='word_1_188' title='bbox 485 3887 588 3975; x_wconf 77' lang='lat' dir='ltr'><strong>Eligit</strong></span> <span class='ocrx_word' id='word_1_189' title='bbox 609 3912 652 3955; x_wconf 87' lang='lat' dir='ltr'><strong>cx</strong></span> <span class='ocrx_word' id='word_1_190' title='bbox 674 3890 763 3956; x_wconf 89' lang='lat' dir='ltr'><strong>omni</strong></span> <span class='ocrx_word' id='word_1_191' title='bbox 784 3912 928 3976; x_wconf 88' lang='lat' dir='ltr'><strong>numero,</strong></span> <span class='ocrx_word' id='word_1_192' title='bbox 950 3913 1049 3978; x_wconf 85' lang='lat' dir='ltr'><strong>quam</strong></span> <span class='ocrx_word' id='word_1_193' title='bbox 1072 3888 1191 3955; x_wconf 89' lang='lat' dir='ltr'><strong>deinde</strong></span> <span class='ocrx_word' id='word_1_194' title='bbox 1212 3889 1331 3955; x_wconf 82' lang='lat' dir='ltr'><strong>chorea</strong></span> 
     </span>
     <span class='ocr_line' id='line_1_30' title="bbox 483 3990 1339 4080; baseline 0.002 -24"><span class='ocrx_word' id='word_1_195' title='bbox 483 3990 604 4077; x_wconf 87' lang='lat' dir='ltr'><strong>Ducat,</strong></span> <span class='ocrx_word' id='word_1_196' title='bbox 626 4003 658 4058; x_wconf 86' lang='lat' dir='ltr'><strong>et</strong></span> <span class='ocrx_word' id='word_1_197' title='bbox 680 4002 833 4078; x_wconf 83' lang='lat' dir='ltr'><strong>attentus,</strong></span> <span class='ocrx_word' id='word_1_198' title='bbox 855 3998 954 4060; x_wconf 90' lang='lat' dir='ltr'><strong>cum¹</strong></span> <span class='ocrx_word' id='word_1_199' title='bbox 975 3996 1098 4080; x_wconf 90' lang='lat' dir='ltr'><strong>primos</strong></span> <span class='ocrx_word' id='word_1_200' title='bbox 1120 3994 1201 4059; x_wconf 88' lang='lat' dir='ltr'><strong>tibia</strong></span> <span class='ocrx_word' id='word_1_201' title='bbox 1223 4003 1339 4059; x_wconf 87' lang='lat' dir='ltr'><strong>cantus</strong></span> 
     </span>
     <span class='ocr_line' id='line_1_31' title="bbox 485 4096 1225 4185; baseline 0.004 -24"><span class='ocrx_word' id='word_1_202' title='bbox 485 4096 607 4181; x_wconf 80' lang='lat' dir='ltr'><strong>Edidit,</strong></span> <span class='ocrx_word' id='word_1_203' title='bbox 629 4096 790 4163; x_wconf 88' lang='lat' dir='ltr'><strong>accelerat</strong></span> <span class='ocrx_word' id='word_1_204' title='bbox 812 4096 934 4163; x_wconf 89' lang='lat' dir='ltr'><strong>nudato</strong></span> <span class='ocrx_word' id='word_1_205' title='bbox 955 4108 987 4163; x_wconf 93' lang='lat' dir='ltr'><strong>et</strong></span> <span class='ocrx_word' id='word_1_206' title='bbox 1010 4100 1132 4165; x_wconf 86' lang='lat' dir='ltr'><strong>vertice</strong></span> <span class='ocrx_word' id='word_1_207' title='bbox 1155 4099 1225 4185; x_wconf 87' lang='lat' dir='ltr'><strong>figit</strong></span> 
     </span>
     <span class='ocr_line' id='line_1_32' title="bbox 382 4201 1419 4292; baseline 0.003 -27"><span class='ocrx_word' id='word_1_208' title='bbox 382 4221 450 4266; x_wconf 82' lang='lat' dir='ltr'><strong>sue.</strong></span> <span class='ocrx_word' id='word_1_209' title='bbox 484 4201 624 4268; x_wconf 86' lang='lat' dir='ltr'><strong>Lumine</strong></span> <span class='ocrx_word' id='word_1_210' title='bbox 634 4206 655 4286; x_wconf 87' lang='lat'><strong>¹,</strong></span> <span class='ocrx_word' id='word_1_211' title='bbox 677 4224 776 4289; x_wconf 87' lang='lat' dir='ltr'><strong>quarn</strong></span> <span class='ocrx_word' id='word_1_212' title='bbox 797 4204 911 4291; x_wconf 88' lang='lat' dir='ltr'><strong>poscit,</strong></span> <span class='ocrx_word' id='word_1_213' title='bbox 933 4214 1182 4291; x_wconf 83' lang='lat' dir='ltr'><strong>surgentemque</strong></span> <span class='ocrx_word' id='word_1_214' title='bbox 1204 4204 1329 4292; x_wconf 78' lang='lat' dir='ltr'><strong>arripit:</strong></span> <span class='ocrx_word' id='word_1_215' title='bbox 1353 4204 1419 4269; x_wconf 89' lang='lat' dir='ltr'><strong>itur</strong></span> 
     </span>
     <span class='ocr_line' id='line_1_33' title="bbox 483 4306 1379 4400; baseline 0.002 -27"><span class='ocrx_word' id='word_1_216' title='bbox 483 4306 524 4373; x_wconf 93' lang='lat' dir='ltr'><strong>In</strong></span> <span class='ocrx_word' id='word_1_217' title='bbox 547 4308 653 4398; x_wconf 79' lang='lat' dir='ltr'><strong>spatia</strong></span> <span class='ocrx_word' id='word_1_218' title='bbox 673 4319 706 4375; x_wconf 92' lang='lat' dir='ltr'><strong>et</strong></span> <span class='ocrx_word' id='word_1_219' title='bbox 729 4308 823 4376; x_wconf 90' lang='lat' dir='ltr'><strong>solito</strong></span> <span class='ocrx_word' id='word_1_220' title='bbox 846 4308 882 4375; x_wconf 90' lang='lat' dir='ltr'><strong>in</strong></span> <span class='ocrx_word' id='word_1_221' title='bbox 903 4331 1023 4400; x_wconf 80' lang='lat' dir='ltr'><strong>gyrum</strong></span> <span class='ocrx_word' id='word_1_222' title='bbox 1046 4308 1088 4377; x_wconf 91' lang='lat' dir='ltr'><strong>de</strong></span> <span class='ocrx_word' id='word_1_223' title='bbox 1111 4332 1199 4376; x_wconf 86' lang='lat' dir='ltr'><strong>more</strong></span> <span class='ocrx_word' id='word_1_224' title='bbox 1221 4308 1379 4376; x_wconf 80' lang='lat' dir='ltr'><strong>feruntur.</strong></span> 
     </span>
     <span class='ocr_line' id='line_1_34' title="bbox 483 4416 1352 4506; baseline 0 -23"><span class='ocrx_word' id='word_1_225' title='bbox 483 4416 588 4503; x_wconf 65' lang='lat' dir='ltr'><strong>hnc,</strong></span> <span class='ocrx_word' id='word_1_226' title='bbox 610 4416 639 4483; x_wconf 91' lang='lat' dir='ltr'><strong>si</strong></span> <span class='ocrx_word' id='word_1_227' title='bbox 661 4417 735 4506; x_wconf 90' lang='lat' dir='ltr'><strong>quis</strong></span> <span class='ocrx_word' id='word_1_228' title='bbox 757 4438 855 4506; x_wconf 90' lang='lat' dir='ltr'><strong>quam</strong></span> <span class='ocrx_word' id='word_1_229' title='bbox 878 4416 961 4484; x_wconf 79' lang='lat' dir='ltr'><strong>sorte</strong></span> <span class='ocrx_word' id='word_1_230' title='bbox 982 4418 1100 4483; x_wconf 88' lang='lat' dir='ltr'><strong>animis</strong></span> <span class='ocrx_word' id='word_1_231' title='bbox 1123 4417 1273 4506; x_wconf 77' lang='lat' dir='ltr'><strong>elegerat,</strong></span> <span class='ocrx_word' id='word_1_232' title='bbox 1296 4416 1352 4483; x_wconf 83' lang='lat' dir='ltr'><strong>illa</strong></span> 
     </span>
     <span class='ocr_line' id='line_1_35' title="bbox 483 4524 1304 4614; baseline 0 -23"><span class='ocrx_word' id='word_1_233' title='bbox 483 4524 706 4614; x_wconf 87' lang='lat' dir='ltr'><strong>Praeripiante</strong></span> <span class='ocrx_word' id='word_1_234' title='bbox 727 4524 792 4592; x_wconf 90' lang='lat' dir='ltr'><strong>alio</strong></span> <span class='ocrx_word' id='word_1_235' title='bbox 814 4525 929 4613; x_wconf 78' lang='lat' dir='ltr'><strong>caruit,</strong></span> <span class='ocrx_word' id='word_1_236' title='bbox 951 4524 1032 4592; x_wconf 91' lang='lat' dir='ltr'><strong>dum</strong></span> <span class='ocrx_word' id='word_1_237' title='bbox 1054 4524 1137 4592; x_wconf 79' lang='lat' dir='ltr'><strong>forte</strong></span> <span class='ocrx_word' id='word_1_238' title='bbox 1159 4534 1304 4593; x_wconf 86' lang='lat' dir='ltr'><strong>moratur</strong></span> 
     </span>
    </p>
   </div>
   <div class='ocr_carea' id='block_1_3' title="bbox 483 4770 1386 4933">
    <p class='ocr_par' dir='ltr' id='par_1_3' title="bbox 483 4770 1386 4933">
     <span class='ocr_line' id='line_1_36' title="bbox 485 4770 815 4841; baseline 0.003 -17"><span class='ocrx_word' id='word_1_239' title='bbox 485 4770 573 4826; x_wconf 79' lang='lat' dir='ltr'>¹ssb.</span> <span class='ocrx_word' id='word_1_240' title='bbox 593 4773 672 4828; x_wconf 73' lang='lat' dir='ltr'><strong>(torn.</strong></span> <span class='ocrx_word' id='word_1_241' title='bbox 692 4775 815 4841; x_wconf 58' lang='lat' dir='ltr'><strong>„qamt</strong></span> 
     </span>
     <span class='ocr_line' id='line_1_37' title="bbox 483 4856 1386 4933; baseline 0.003 -17"><span class='ocrx_word' id='word_1_242' title='bbox 483 4856 603 4917; x_wconf 79' lang='lat' dir='ltr'><strong>&#39;Tectis</strong></span> <span class='ocrx_word' id='word_1_243' title='bbox 621 4861 756 4933; x_wconf 80' lang='lat' dir='ltr'><strong>capitibus</strong></span> <span class='ocrx_word' id='word_1_244' title='bbox 773 4862 884 4917; x_wconf 81' lang='lat' dir='ltr'><strong>invenes</strong></span> <span class='ocrx_word' id='word_1_245' title='bbox 902 4868 959 4917; x_wconf 81' lang='lat' dir='ltr'><strong>turn</strong></span> <span class='ocrx_word' id='word_1_246' title='bbox 977 4862 1092 4917; x_wconf 74' lang='lat' dir='ltr'><strong>saltam</strong></span> <span class='ocrx_word' id='word_1_247' title='bbox 1111 4862 1245 4925; x_wconf 77' lang='lat' dir='ltr'><strong>videntur.</strong></span> <span class='ocrx_word' id='word_1_248' title='bbox 1280 4887 1285 4899; x_wconf 92' lang='lat'><strong>·</strong></span> <span class='ocrx_word' id='word_1_249' title='bbox 1382 4866 1386 4873; x_wconf 88' lang='lat'>&#39;</span> 
     </span>
    </p>
   </div>
   <div class='ocr_carea' id='block_1_4' title="bbox 0 0 2065 5767">
    <p class='ocr_par' dir='ltr' id='par_1_4' title="bbox 0 0 2065 5767">
     <span class='ocr_line' id='line_1_38' title="bbox 0 0 2065 5767; baseline 0 0"><span class='ocrx_word' id='word_1_250' title='bbox 0 0 2065 5767; x_wconf 95' lang='lat' dir='ltr'><strong> </strong></span> 
     </span>
    </p>
   </div>
  </div>
 </body>
</html>
