4109 5767
647 290 725 383 ‚³92-

1123 307 1199 341 rurist
1219 305 1315 341 norw.

754 499 889 567 Certum
911 500 973 565 iter
995 508 1057 565 est:
1081 521 1146 564 nen
1170 508 1201 563 te
1217 496 1325 583 ¹fallet,
1348 497 1404 585 qui
1428 495 1542 563 fallere
1563 496 1681 579 ueseit3

808 607 1015 677 Commorere
1036 606 1124 695 huie,
1146 606 1294 696 ‹puisquis
1318 605 1430 674 vivere
1453 627 1580 694 semper
1601 626 1704 673 unies.

1198 1094 1250 1159 ll.

982 1294 1036 1353 De
1059 1292 1264 1355 ascensione
1288 1290 1429 1354 Domini
1441 1291 1461 1352 ¹.

756 1468 916 1536 Ascendit
938 1469 1115 1535 Dominus:
1139 1467 1246 1536 valete
1268 1479 1382 1556 terrm,

756 1577 902 1644 Mundus
925 1588 1075 1667 personet
1097 1578 1212 1664 omnis,
1235 1576 1391 1644 Alleluia!

756 1685 875 1751 Limbo
897 1684 1046 1771 patribus
1069 1686 1171 1749 erutis
1194 1682 1313 1769 silenti,

759 1789 849 1870 Quos
872 1788 966 1855 Adae
990 1791 1091 1877 patris
1114 1790 1223 1855 obruit
1245 1798 1366 1875 reatus,

697 1917 724 1961 e.
758 1894 801 1961 Et
822 1918 924 1983 reguo
947 1896 1048 1986 stygii
1072 1897 1172 1983 petris
1196 1894 1331 1961 subacto

757 2004 904 2070 Dextrae
926 2001 1013 2069 lilius
1036 2002 1159 2069 assidet
1181 2001 1304 2090 potenti

757 2110 908 2199 Supremi
932 2111 1042 2199 patris,
1065 2110 1153 2177 unde
1175 2110 1336 2197 gloriosus

756 2220 861 2286 Vives
884 2219 1038 2291 adveniet
1061 2220 1177 2307 dieque
1201 2220 1332 2285 functos

757 2327 919 2413 Iudieere,
942 2351 1035 2393 suam
1058 2327 1247 2394 beatitatem

678 2456 723 2500 ιο.
754 2436 948 2521 Largiturns
972 2447 1003 2500 et
1027 2433 1083 2507 illa
1106 2436 1303 2522 sernpiterna

756 2540 857 2607 Iustis
880 2542 1010 2628 gaudie⁷
1034 2564 1117 2628 quae
1139 2543 1269 2629 paravit
1291 2540 1369 2614 elim

757 2647 846 2715 Caeli
870 2647 1018 2717 eonditor
1043 2647 1167 2715 ultimis
1190 2648 1231 2713 ab
1254 2648 1359 2719 annis.

757 2755 850 2821 Idem
873 2756 1028 2842 sontibus,
1052 2757 1161 2843 impiis
1183 2755 1312 2842 Deique

758 2863 896 2949 Ignaris,
919 2862 1004 2928 male
1026 2864 1097 2928 vite
1119 2884 1200 2949 quos
1222 2872 1354 2950 peraeta

677 2994 723 3037 rs.
754 2970 883 3057 Dignos
905 2970 1075 3058 suppliciis
1098 2970 1179 3037 feeit
1198 2969 1374 3058 gehennae,

757 3078 891 3143 Aeterni
915 3101 1088 3167 properare
1111 3079 1259 3147 Christus
1283 3079 1369 3165 ignis

756 3184 797 3249 In
820 3184 973 3250 iueeudia
995 3185 1167 3251 turbidos*
1189 3187 1323 3253 iubebit

757 3291 788 3354 A
811 3312 875 3378 quo
898 3314 958 3357 nos
980 3291 1072 3357 Deus
1095 3303 1206 3358 arceat
1228 3294 1389 3380 benignus

756 3396 854 3483 Male,
877 3396 995 3486 detque
1018 3421 1111 3465 sunm
1134 3398 1321 3465 beatitatem

675 3528 723 3571 ae.
755 3505 799 3571 let
821 3527 904 3593 quae
922 3504 1049 3592 gaudia
1072 3508 1280 3594 praeparavit
1303 3506 1381 3572 elim

758 3611 889 3679 Sanetis
911 3612 1064 3679 manibus
1087 3614 1210 3680 ultimis
1233 3614 1275 3680 ab
1299 3615 1403 3679 anuis.

649 3776 855 3784 ——-—----—.--...

760 3862 768 3893 ¹
789 3862 866 3915 Geru.
887 3862 939 3916 102
958 3880 997 3931 sq.

759 3952 838 4007 ’Mn
860 3954 1025 4021 „turbidus“.
