4109 5767
716 767 753 802 nu
770 766 883 802 aoranae
900 765 1048 802 surram
1066 766 1255 810 mannaan.
1493 748 1563 816 llb'

525 959 678 1047 Barbara,
702 968 846 1048 apeatato
868 982 1072 1048 nequaquam
1096 959 1238 1028 barbara
1260 960 1360 1048 uultu,
1443 957 1446 966 ’

525 1067 623 1134 Haud
646 1069 752 1156 paruit
774 1067 916 1134 formosa
938 1090 1063 1152 aamae;
1087 1069 1162 1136 ferit
1185 1091 1242 1136 are
1264 1065 1448 1158 genaequa.'

445 1199 490 1241 15.
521 1175 695 1242 Lamentis*
711 1184 832 1241 tautum
856 1173 1031 1264 eomplene‚
1054 1177 1222 1266 positaque
1244 1175 1364 1244 deuote

525 1282 627 1348 Veste
650 1281 785 1348 madens
807 1281 952 1348 lacrimis
975 1283 1081 1371 pullae
1101 1282 1250 1371 deposuit
1272 1285 1420 1350 amiatue.
1453 1285 1456 1290 ’

525 1388 658 1454 Vertiae
681 1397 767 1452 eerta
790 1387 912 1454 uadunt
934 1389 1094 1476 niveoque
1116 1389 1250 1454 monilia
1272 1388 1368 1472 aalla;
1393 1389 1445 1428 ⁷²

526 1492 625 1558 Haud
648 1492 782 1558 adamae
805 1492 916 1578 digitis
939 1493 1047 1558 radiat
1069 1494 1253 1582 viridesque
1275 1493 1451 1581 smaragdi.

354 1686 358 1692 Δ
525 1600 569 1664 Et
591 1597 733 1666 (trintina
755 1597 893 1686 aeq'uene
916 1621 1007 1684 aevo,
1031 1595 1092 1684 e'ed,
1111 1600 1216 1689 prima
1231 1599 1366 1688 ‘iugales
1411 1595 1414 1604 ’

444 1728 491 1770 ea.
522 1707 708 1793 Expertum
729 1714 826 1790 toros,
848 1704 945 1771 modo
967 1708 1076 1793 quana*
1089 1704 1304 1793 desponderat
1326 1714 1427 1772 ante·

525 1812 608 1876 Feta
631 1812 703 1877 vira
725 1820 826 1898 pater,
848 1812 883 1876 in
905 1811 1022 1878 mediis
1046 1810 1109 1876 eibi
1131 1812 1222 1898 luget
1244 1811 1432 1900 ademptum

525 1917 683 1983 Laetitiae
705 1917 819 2003 apatiie
841 1915 1033 1983 defunctum
1056 1915 1194 2005 pulahra
1214 1927 1391 2010 parentem.
1424 1983 1432 1996 ,
1455 1984 1460 2012 Ι

525 2023 686 2111 Annaque
707 2032 741 2088 et
763 2021 895 2088 Elieabe
917 2031 958 2108 et,
980 2022 1082 2090 Greia
1105 2045 1188 2112 quae
1210 2023 1341 2096 nomine
1361 2023 1452 2090 dieta

527 2129 594 2215 Est,
617 2129 738 2218 Sophia
761 2130 881 2195 amineo
902 2128 1031 2217 plorant
1054 2139 1158 2196 aetate
1179 2129 1299 2197 tenella

434 2258 491 2305 aa.
525 2237 661 2325 l‘atraau,
684 2247 773 2305 lautu
796 2247 953 2328 quarantula
978 2237 1042 2307 sart
1063 2237 1121 2306 illa
1143 2244 1176 2306 at
1199 2237 1315 2308 sunam
1337 2239 1443 2307 sentit

612 2347 683 2415 Nea
706 2356 737 2416 ta
759 2357 957 2439 paulianum
981 2348 1174 2438 rrrntingunt
1197 2347 1273 2440 lata,
1295 2347 1435 2416 Ioannou
1527 2365 1532 2374 ·

523 2458 552 2526 Ο
575 2455 792 2547 Olrutkiaviai,
815 2457 962 2527 defuncti
985 2458 1092 2526 triatia
1114 2458 1224 2550 patrie.
1555 2459 1558 2468 “

431 2554 454 2570 ”
521 2565 593 2652 Oui,
615 2576 773 2654 quantum
796 2567 881 2655 patri
903 2575 1054 2634 natarum
1077 2566 1190 2635 debuit
1213 2565 1308 2654 ullae,

433 2730 438 2738 .
521 2673 684 2739 Debebae.
706 2673 775 2757 Ille,
798 2684 834 2739 ut
857 2675 970 2762 primia
992 2685 1025 2741 te
1048 2674 1200 2742 educeret
1223 2663 1326 2759 annis,
1401 2722 1411 2743 ·.
1454 2727 1458 2734 .
1540 2661 1562 2669 .‚

440 2801 489 2845 aa.
519 2778 585 2858 Qui
608 2779 728 2866 dignun
750 2788 843 2866 patre
865 2789 898 2846 et
920 2782 1025 2868 patrie
1048 2789 1079 2847 et
1102 2779 1278 2846 maioribus
1301 2803 1397 2866 eneae,
1441 2822 1444 2828 ,
1563 2829 1566 2840 .

521 2885 712 2973 Sumptibua
734 2885 823 2951 haud
846 2885 922 2953 ullis
946 2885 1022 2953 alim
1046 2887 1255 2976 impeneaeve
1276 2889 1432 2976 pepercit:

521 2993 642 3060 Inuicti
665 2992 825 3059 illustrem
848 2995 953 3060 mieeit
976 3004 1007 3061 te
1031 2994 1072 3060 ad
1097 2995 1260 3062 aaeemie¹
1283 2994 1401 3062 aulam.

520 3099 594 3165 Illia
617 3101 722 3188 prima
744 3099 804 3165 tibi
827 3101 938 3167 iuveni
961 3101 1101 3166 formate
1123 3102 1267 3184 iuvente3

520 3204 594 3270 Illia
616 3205 733 3272 herone
755 3207 840 3271 inter
862 3207 1023 3271 mavortia
1046 3207 1188 3293 primum

437 3332 486 3376 ae.
517 3310 608 3376 Bella
630 3311 690 3376 tibi
714 3320 858 3399 spectata
879 3321 912 3378 et
934 3313 1082 3378 etrietum
1106 3313 1141 3377 in
1164 3312 1281 3378 lunera
1303 3312 1435 3399 serrum,

519 3416 723 3504 Aerataeque
745 3419 832 3483 aeiee
855 3426 887 3484 et
909 3418 974 3484 tela
996 3419 1155 3484 minantia
1178 3417 1282 3484 telie⁸.

520 3521 593 3601 Quo
616 3523 680 3587 rint
704 3532 811 3588 uestra
833 3523 904 3588 laea
926 3523 1077 3610 ponenda
1100 3505 1131 3590 el
1154 3547 1217 3610 qua
1240 3522 1354 3589 ordine
1377 3533 1511 3611 turmae,

518 3629 656 3694 Dieaere
678 3638 748 3694 erat
771 3628 925 3713 studium,
947 3639 979 3695 et
1002 3638 1131 3716 sumpta
1154 3650 1347 3695 aaneurrere
1370 3629 1464 3716 ferro,

519 3733 664 3800 Eduntur
685 3736 806 3822 quibua
828 3736 862 3800 in
886 3735 1026 3823 patriam
1050 3759 1126 3801 mox
1149 3733 1274 3802 artibus
1297 3735 1369 3801 irae.

437 3861 485 3906 aa.
509 3840 584 3907 Flee
606 3852 741 3928 patrem,
764 3841 982 3910 Chatkieviai:
1005 3841 1059 3925 fle3
1083 3843 1199 3908 funera
1220 3841 1299 3908 fleta

518 3945 603 4014 Sunt
624 3946 706 4013 haea
729 3947 830 4034 digna
852 3956 909 4012 tuo
930 3946 1140 4036 laarimieque
1162 3970 1220 4036 per
1241 3969 1299 4013 ore
1321 3948 1451 4015 volutis.

606 4053 680 4118 Non
704 4076 775 4138 rex,
798 4077 863 4120 nan
886 4076 1046 4142 proaeree,
1077 4053 1181 4121 oeulis
1211 4053 1292 4120 haee
1316 4054 1431 4120 funera
1454 4055 1551 4121 eiaaie

516 4159 697 4248 depieiant:
722 4160 818 4249 primi
840 4158 997 4248 Radivili,
1019 4161 1126 4249 prima
1148 4169 1280 4226 aenatue

516 4266 596 4333 Pare
619 4267 724 4356 patrii,
747 4291 805 4335 eeu
828 4276 873 4355 tu,
894 4292 959 4357 quo
982 4292 1017 4336 aa
1040 4269 1219 4335 Naawieeia
1241 4268 1341 4335 iactat

517 4460 525 4491 ¹
548 4464 637 4515 Garuli
655 4466 688 4529 V,
706 4465 734 4516 ni
755 4466 842 4531 fallar,
860 4467 932 4532 apud
950 4482 1030 4532 quom
1049 4467 1105 4532 ipra
1125 4465 1229 4533 legatur
1248 4465 1308 4530 fult,
1328 4471 1355 4518 at
1374 4481 1458 4532 aquo
1471 4465 1553 4518 aomi-

408 4549 445 4599 tir
464 4548 569 4616 imperii
588 4553 691 4605 rorarani
710 4555 819 4607 titulum
837 4554 950 4607 rettulit.
970 4555 1163 4606 Barturrewieu
1181 4551 1257 4619 (lina.
1271 4553 1308 4622 p.)
1327 4553 1553 4605 Furrliuanduml

410 4635 446 4702 (a
468 4637 654 4709 tuae-1564)
671 4642 746 4707 dicit,
765 4643 812 4695 ned
830 4642 888 4709 ipae
905 4643 1022 4708 ltoyniue
1040 4643 1073 4694 de
1087 4643 1182 4694 Carula
1195 4641 1329 4709 cogitante
1342 4641 1454 4692 ridetur.
1474 4641 1551 4694 Geni.

409 4725 484 4777 intra
504 4727 614 4778 tertium
632 4744 740 4781 carmen
759 4731 794 4780 ad
811 4729 897 4780 fllium
914 4731 1043 4781 Ioannem
1059 4729 1196 4794 scripturn.

520 4820 531 4851 ²
549 4825 654 4876 Lucani
672 4826 765 4878 Phara.
785 4827 814 4878 7:
835 4864 859 4877 ..
879 4833 907 4878 et
923 4827 981 4892 pila
997 4826 1132 4877 &nentia
1148 4825 1218 4891 pilia.

1413 4911 1449 4964 80
