4109 5767
539 699 642 817 Q
1010 712 1091 751 mar
1108 713 1198 750 aum

644 905 804 974 'Purbuot
826 905 928 970 vitam
950 905 1074 972 sociam
1096 913 1131 969 et
1150 902 1309 992 pulchras
1330 904 1398 970 otia
1418 903 1519 988 pacis,

645 1011 782 1078 Sanetus
804 1029 955 1092 quaeque
977 1009 1041 1072 sibi
1063 1006 1153 1093 legos
1174 1009 1372 1094 penitusque
1391 1006 1553 1074 verendas

562 1134 611 1177 as.
641 1111 729 1178 Urbs
751 1113 833 1199 fixit,
854 1112 1004 1198 fixasque
1025 1114 1167 1180 aeternis
1189 1112 1317 1181 iuribus
1338 1113 1443 1184 auxit

645 1218 807 1294 Geutssms
828 1218 907 1290 hino
929 1221 1013 1288 varii
1035 1244 1151 1310 mores,
1172 1221 1252 1290 hino
1273 1219 1417 1312 plurima
1437 1220 1561 1288 mundo

645 1329 787 1398 Diversa
808 1341 840 1398 et
862 1353 972 1398 rerum
994 1332 1097 1400 facies
1118 1343 1152 1400 st
1174 1330 1284 1400 cultus
1305 1343 1340 1400 et
1360 1355 1467 1419 omne,

645 1438 810 1528 Quicquid
832 1439 954 1509 habent
968 1439 1126 1526 homines,
1148 1441 1251 1506 vitam
1265 1439 1353 1529 quod
1368 1449 1493 1528 spectet
1506 1439 1551 1504 ad
1564 1439 1682 1526 ipsam.

645 1545 810 1614 Barbarus
831 1546 902 1633 hoc,
924 1546 1007 1612 illud
1030 1545 1180 1614 Graecus
1202 1547 1265 1614 sibi
1288 1547 1367 1614 fecit
1389 1546 1563 1614 honestum

562 1673 611 1717 so.
641 1651 730 1739 Iege
752 1675 821 1740 aaa
843 1653 978 1720 arbitrio
1000 1653 1219 1740 quodcunque
1240 1653 1395 1741 pependit
1417 1653 1460 1720 ab
1482 1655 1567 1740 ipso3

644 1757 768 1845 Cetera
790 1769 926 1826 naturam
947 1781 1032 1847 quae
1054 1761 1205 1846 proxima
1225 1761 1308 1846 visa,
1330 1760 1444 1832 secuti.

723 1863 898 1954 ¹Plurimus
919 1866 1045 1932 interna
1066 1864 1249 1932 saeclorum
1270 1865 1414 1934 volvitur
1435 1864 1525 1950 ordo,

646 1971 824 2059 Saeelsqtn
845 1971 1001 2039 labuntur
1023 1973 1115 2040 caelo
1135 1985 1307 2061 properata
1328 1975 1438 2058 citato,

645 2077 750 2164 Inque
771 2101 892 2145 novum
916 2101 1044 2166 semper
1064 2102 1126 2145 sna
1147 2102 1207 2166 per
1227 2081 1369 2166 vestigia
1389 2091 1518 2167 tempus

564 2204 613 2249 aa.
642 2185 785 2271 Tempus
807 2184 885 2272 abit,
908 2188 1089 2274 pennisque
1111 2187 1198 2251 celer
1218 2186 1308 2252 volat
1329 2188 1469 2273 impiger
1490 2207 1610 2250 annus:

563 2333 570 2375 3
645 2289 729 2355 cum
751 2300 823 2377 post
845 2311 999 2356 mum
1021 2292 1148 2378 Troiae,
1169 2290 1391 2379 pulcherrima
1412 2314 1523 2360 rerum

646 2393 768 2460 Orbem
791 2395 868 2460 olim
891 2396 1055 2462 domitura
1076 2408 1109 2462 et
1131 2398 1239 2484 mutis
1261 2397 1418 2485 quicquid
1442 2397 1563 2484 ubique
1584 2405 1643 2479 est,

646 2500 750 2566 Roma
771 2501 840 2567 solo
864 2503 968 2591 surgit
990 2524 1107 2590 campo
1129 2516 1162 2569 et
1183 2515 1284 2592 eaput
1304 2505 1427 2570 exserit
1448 2501 1514 2569 alto

646 2606 879 2698 Cervicemque
900 2609 1020 2677 minis¹
1043 2609 1145 2676 fotam
1166 2621 1198 2677 et
1220 2610 1399 2678 terroribus
1420 2611 1522 2696 effert,

564 2735 613 2782 uo.
646 2715 769 2806 Haeo²,
791 2719 886 2785 euius
908 2717 997 2807 loges
1021 2741 1113 2806 cano,
1135 2721 1230 2786 euius
1252 2720 1326 2788 iura
1347 2742 1489 2788 renarro

645 2823 812 2912 Romulus,
834 2826 922 2893 idem
944 2837 1059 2894 auctor
1080 2850 1140 2894 rex
1161 2837 1195 2894 et
1215 2829 1414 2893 iustissimus
1435 2849 1531 2911 uuus,

645 2931 811 3018 Principio
832 2933 985 3018 arbitriis,
1008 2955 1074 3000 non
1096 2935 1168 2998 iure
1190 2944 1248 2998 aut
1269 2933 1399 3019 legibus
1420 2932 1497 3000 ullis

647 3035 747 3101 Rexit
768 3037 869 3125 regali
894 3061 1054 3125 peragens
1077 3040 1183 3108 bonus
1204 3040 1316 3103 omnia
1337 3048 1429 3103 nutu.

646 3141 839 3218 Romulidae
860 3143 946 3210 hano
969 3145 1072 3216 vitam
1094 3146 1209 3233 primis
1232 3143 1362 3210 coluere
1383 3143 1446 3214 sub
1469 3144 1575 3228 annis,

566 3268 614 3312 rs.
645 3247 759 3314 Donec
782 3248 938 3336 adaugeri
960 3251 1146 3338 passimque
1169 3272 1356 3316 accrescere
1378 3251 1485 3336 ooopit

648 3353 759 3441 Roma,
781 3379 946 3444 novosque
970 3356 1123 3444 sroqueus
1145 3357 1228 3423 vidit
1251 3356 1394 3429 secunda
1416 3355 1571 3437 Quirites

647 3461 742 3528 'l'une
764 3465 884 3530 etenim
906 3464 1009 3531 denae
1033 3464 1125 3534 urbis
1148 3475 1240 3554 puter
1261 3464 1395 3534 inolitus
1417 3475 1450 3532 et
1471 3486 1532 3536 rou

593 3645 597 3656 1
648 3569 806 3638 Romulus
828 3573 864 3641 iu
887 3584 994 3666 partes
1017 3573 1174 3662 populum
1196 3587 1246 3640 ter
1268 3574 1387 3646 dividit
1409 3594 1548 3658 omnem,

648 3679 749 3745 Curia
770 3681 862 3768 queis
885 3703 1003 3748 nomen
1026 3692 1212 3769 torquentes
1234 3693 1366 3769 pectora
1388 3703 1487 3748 curae

567 3806 615 3850 so.
646 3785 817 3874 Fecerunt,
840 3787 905 3853 illis
927 3789 1082 3876 quoniam
1104 3788 1290 3877 respublica
1312 3811 1420 3861 ouras.

650 3892 715 3966 llio
737 3893 824 3983 logos
848 3894 924 3968 tulit
945 3895 988 3962 ud
1011 3896 1168 3986 populum
1190 3904 1223 3964 et
1245 3897 1451 3964 sanctissima
1472 3895 1618 3986 primum

648 4002 727 4080 Iura
749 4003 852 4090 dodim
875 4027 968 4093 reges
990 4016 1022 4072 et
1045 4005 1133 4072 idom
1155 4006 1262 4076 iecere
1284 4016 1463 4094 sequentes.

648 4112 687 4176 In
710 4111 832 4178 librum
854 4112 914 4186 has
937 4137 1049 4181 omnes
1071 4113 1221 4181 retulisse
1241 4115 1393 4202 Papirius
1416 4135 1519 4180 unum

649 4219 775 4306 Fertur,
798 4242 862 4286 uon
885 4243 1001 4308 passus
1024 4222 1135 4308 spargi
1154 4243 1195 4290 ao
1217 4222 1338 4309 passim
1360 4222 1409 4286 ire
1431 4218 1562 4286 solutus.

568 4346 616 4392 ss.
646 4325 730 4392 Inde
750 4328 978 4414 papiriaoum⁸
999 4339 1124 4394 mutato
1146 4330 1277 4393 nomine
1300 4327 1425 4396 dietum

652 4511 661 4542 ¹
679 4515 742 4564 Mas.
762 4514 886 4582 ‚nimis¹.

651 4598 743 4655 'Man
764 4602 877 4667 „hauo¹.

556 4717 563 4736 =·
614 4715 618 4724 ¹
651 4685 724 4747 'Sia
751 4705 822 4754 mss..
850 4706 903 4745 uon
934 4690 1147 4757 „papinianum
1183 4691 1258 4742 eunt
1286 4689 1409 4742 Tenffalii
1439 4690 1512 4741 litut.
1539 4688 1591 4740 litt
1620 4702 1686 4740 rom.

544 4773 588 4844 tt.
607 4774 644 4836 7⁰
661 4791 700 4842 m.
