4109 5767
629 738 676 810 43
1114 756 1191 792 ,mr
1210 755 1299 793 ιοηιι

736 948 883 1039 Regibus
905 970 926 1015 a
948 950 1087 1037 magnis,
1109 958 1284 1015 tenuerunt
1306 949 1456 1038 proxima
1476 948 1592 1036 primis

734 1055 972 1143 Snurumntum,
995 1054 1089 1122 sedes
1111 1077 1177 1144 qua
1199 1065 1349 1144 ostroque
1371 1076 1515 1143 auroque
1537 1064 1701 1143 teguntur.

734 1163 879 1229 Tantum
900 1184 1113 1251 gemmarum,
1136 1164 1263 1251 argenti
1286 1162 1433 1252 fulvique
1455 1161 1577 1230 metalli

735 1269 810 1338 Illie
832 1292 965 1338 eernere
986 1281 1065 1358 erat,
1088 1280 1246 1360 qnantum
1270 1271 1298 1335 si
1321 1280 1428 1337 uetera
1450 1291 1612 1359 nusquam

653 1402 704 1448 eu.
735 1377 827 1446 Gaza
849 1379 932 1447 soret
954 1380 1068 1468 spatiis
1090 1390 1123 1445 et
1145 1402 1222 1467 opes
1246 1377 1441 1445 claudantur
1463 1378 1499 1445 in
1520 1377 1595 1465 illis,

738 1484 960 1575 Qnssennqne
982 1507 1125 1552 oeesnus
1148 1485 1245 1552 tullus
1267 1496 1300 1552 at
1321 1485 1414 1552 dives
1435 1496 1560 1573 upauat

735 1591 836 1659 Unde
857 1591 954 1660 iubar
974 1602 1103 1657 tantum
1126 1613 1261 1679 superas
1283 1592 1424 1678 erumpit
1446 1592 1481 1655 in
1504 1612 1601 1655 auras

653 1688 657 1694 ’
736 1697 846 1786 Atque
868 1720 943 1765 aras
964 1696 1058 1785 largo
1080 1695 1145 1762 late
1168 1695 1339 1786 splendore
1362 1698 1501 1762 nitentes

736 1803 893 1893 Oomplet,
917 1813 953 1869 ut
975 1802 1130 1870 adversos
1153 1804 1201 1869 sol
1224 1803 1354 1869 iusserit
1376 1804 1424 1869 ire
1446 1801 1581 1891 iugules,

653 1931 702 1977 se.
732 1909 980 1999 Indignansque
1002 1933 1062 1977 sno
1084 1920 1235 1977 sanetum
1258 1912 1328 1977 sine
1350 1910 1484 1976 numine
1506 1908 1663 1997 templum

735 2017 912 2108 Aspexisse
934 2018 1031 2105 diem,
1054 2028 1213 2108 qnantum
1237 2018 1328 2085 nulla
1350 2018 1495 2084 hauserit
1517 2026 1607 2083 aetas

736 2125 905 2208 Quantum
927 2137 960 2193 et
981 2127 1042 2193 vix
1064 2149 1208 2217 unquam
1231 2126 1321 2193 molli
1343 2127 1413 2215 ipse
1436 2124 1622 2194 aeeenderit
1644 2122 1735 2212 Indo,

735 2233 917 2323 Ignivomis
939 2232 1060 2302 eedem
1082 2244 1168 2301 retro
1190 2233 1268 2301 dat¹
1292 2234 1361 2302 lora
1383 2234 1560 2324 quadrigis.

736 2342 885 2433 Ipseque,
907 2341 1080 2410 sollemnes
1102 2342 1159 2431 qui
1182 2364 1251 2409 ram
1274 2342 1415 2410 laeiebst
1437 2342 1480 2409 ad
1503 2365 1577 2409 uras

654 2471 703 2521 aa.
733 2450 901 2537 Divinam,
923 2449 1127 2540 supplexque
1149 2452 1256 2517 Deum
1281 2450 1422 2517 dueebat
1444 2449 1486 2516 ab
1510 2451 1606 2516 astris

736 2556 851 2624 Fatale
873 2558 907 2624 in
931 2557 1096 2645 Ornatam,
1118 2556 1248 2646 praesul
1271 2556 1471 2626 Gamrateus
1490 2580 1556 2645 orn,

735 2664 820 2731 (lum
843 2664 967 2731 uireum
990 2663 1033 2730 ad
1056 2664 1212 2753 populum
1235 2666 1320 2731 sauri
1343 2664 1385 2730 de
1407 2686 1497 2731 more
1519 2663 1643 2731 serebat

735 2771 814 2836 Aris
836 2792 981 2858 aversus,
1003 2792 1207 2859 gemmarum
1229 2770 1355 2838 lumina
1376 2780 1409 2838 at
1431 2772 1503 2837 auri

736 2876 837 2942 Haud
858 2878 995 2964 patiens,
1017 2877 1129 2943 oeulos
1151 2900 1235 2968 gyro
1257 2878 1448 2965 eompressit
1469 2878 1504 2943 in
1526 2878 1606 2965 ipso.

632 3003 702 3051 reu.
820 2981 964 3069 Tempus
987 2982 1080 3048 adest
1101 2984 1204 3048 saeris
1227 3005 1362 3071 sponsos
1384 2984 1582 3071 eoniungere
1605 2981 1723 3049 vinulis

735 3088 889 3175 Coniugii
910 3098 943 3153 et
965 3087 1064 3154 finem
1086 3088 1252 3175 regalibus
1275 3088 1396 3155 addere
1417 3088 1531 3157 taedis

647 3220 652 3229 ·
736 3193 878 3260 Excelso
901 3194 1011 3282 sponsi
1035 3192 1239 3260 descendunt
1261 3216 1338 3263 enee
1360 3195 1494 3281 theatro,

736 3300 952 3390 Snuruasque
973 3310 1088 3389 petunt
1110 3322 1193 3388 uras,
1216 3300 1274 3369 ubi
1295 3302 1435 3390 praesul,
1457 3301 1501 3367 sd
1522 3301 1610 3389 ipsos

736 3407 930 3496 Conversus,
952 3418 1125 3499 postquam
1147 3409 1317 3476 amborum
1341 3433 1424 3500 quae
1446 3420 1535 3477 certa
1557 3408 1718 3496 voluntas,

633 3537 703 3583 res.
734 3514 800 3584 Ore
821 3540 941 3605 rogans
962 3516 1093 3608 placido
1116 3518 1241 3606 didicit,
1263 3528 1347 3587 teres
1369 3519 1484 3585 inserit
1505 3541 1622 3585 nurum

736 3625 918 3692 Ambornm
940 3625 1063 3714 laevae,
1086 3649 1257 3716 supremae
1278 3625 1413 3694 vinnula
1434 3626 1558 3714 taedae,

738 3735 1005 3822 „Aeternisque“,
1027 3736 1142 3823 inquit,
1167 3736 1316 3823 „innatos
1337 3758 1397 3801 vos
1420 3734 1536 3801 discite
1558 3732 1686 3822 vinclis,

734 3842 886 3908 Aeternis
909 3842 1036 3907 Divum
1058 3842 1187 3929 vinulis,
1210 3866 1293 3931 quae
1316 3842 1407 3908 nulls
1428 3851 1534 3931 potest
1555 3842 1607 3908 vis

736 3947 878 4035 Solvere,
901 3971 966 4014 non
989 3949 1052 4037 ipsi
1076 3949 1280 4038 abrumpant,
1302 3971 1383 4037 gens
1405 3948 1446 4014 ab
1470 3950 1549 4016 Iove
1572 3970 1706 4035 summo,

634 4078 703 4123 110.
734 4055 917 4124 Oualieolne
939 4068 1121 4123 extremum
1144 4056 1338 4144 antediem,
1361 4058 1417 4146 qui
1440 4056 1581 4123 earceris
1603 4056 1701 4122 huius

736 4164 874 4252 Emptos
896 4165 1039 4231 tenebris
1063 4164 1267 4231 stellantibus
1289 4165 1410 4231 inseret
1433 4164 1529 4231 oris“.

737 4270 830 4336 Haeo
851 4281 1023 4359 postquam
1033 4277 1054 4357 ¹,
1077 4281 1227 4360 repetunt
1248 4270 1423 4357 flagrantes
1446 4269 1546 4336 eorda
1567 4268 1744 4355 theanum,

736 4374 854 4461 Oords,
876 4397 971 4442 saura
993 4398 1078 4464 qnae
1101 4378 1258 4464 corripuit
1280 4377 1353 4442 laea
1375 4376 1508 4464 spiritns
1530 4374 1635 4441 almus

735 4480 896 4569 Perpetuo
917 4493 950 4548 et
972 4505 1085 4549 seeum
1107 4484 1202 4547 iussit
1224 4492 1396 4549 teneantur
1418 4504 1535 4547 amore

736 4726 747 4757 ¹
765 4728 812 4781 Sin
828 4745 887 4796 ιιι,
906 4746 960 4782 nun
980 4729 1069 4794 ,dota

735 4813 747 4847 ¹
764 4819 815 4872 tls.
836 4823 957 4885 ,pestqr'
977 4819 1037 4873 rell.
1056 4818 1149 4884 ,diets
1166 4823 1254 4871 snnt'.
