4109 5767
1162 309 1298 378 832
2126 345 2280 381 rur-1
2317 345 2492 381 ιονιιι

1378 529 1588 623 Felix,
1634 549 2007 604 constanter
2055 537 2345 604 maculas
2392 539 2503 627 qui
2551 529 2852 626 effugerit
2900 540 3212 627 eiusque¹

1211 653 1310 703 20.
1485 642 1661 711 Iram
1708 647 1950 735 vitarit,
1995 649 2105 736 qui
2154 648 2454 713 nocuisse
2499 657 2726 735 potest.

1380 748 1594 831 Quem
1639 752 1890 822 luctum
1940 758 2189 845 patriae
2239 755 2541 841 afflictae,
2600 778 2795 844 quem
2842 756 3164 843 sanguine
3211 755 3455 821 iunctis

1487 860 1800 928 Attulerit
1845 864 2007 929 tanti
2058 886 2230 928 mors
2277 863 2541 951 inopina
2589 863 2763 949 mali,

1381 965 1468 1032 Et
1511 966 1802 1036 lacrimis
1848 973 2092 1059 passim
2143 971 2306 1036 susis
2353 970 2719 1059 damnoque
2763 982 3025 1060 recepto

1487 1076 1806 1143 Aestimet
1848 1080 2099 1164 ingenti
2148 1090 2212 1143 et
2260 1078 2487 1142 funere
2532 1079 2806 1165 quisque
2851 1076 3067 1143 velim.

1215 1195 1316 1241 st.
1376 1179 1464 1244 Et
1509 1179 1820 1248 lacrimae
1867 1184 2103 1248 desunt
2150 1184 2337 1248 nobis
2383 1195 2447 1247 et
2493 1184 2712 1267 verba,
2758 1183 3020 1268 Georgi,

1485 1287 1769 1354 Laetitia
1815 1311 2148 1375 nunquam
2200 1287 2589 1373 deminuere,
2638 1287 2841 1353 dolor.

1377 1390 1480 1457 Tu
1529 1405 1747 1460 tamen
1793 1396 1875 1461 ob
1924 1395 2107 1460 dotes
2156 1395 2377 1479 animi,
2423 1417 2761 1480 moresque
2807 1394 3131 1481 fidemque

1486 1499 1850 1566 Continuus
1897 1502 2084 1567 vives
2105 1503 2147 1586 2,
2195 1513 2403 1566 tectus
2451 1502 2639 1566 inerti
2689 1503 2837 1568 situ.

1377 1603 1549 1672 Nam
1596 1629 1834 1696 corpus
1881 1619 2137 1673 tantum
2184 1618 2410 1693 terrae,
2458 1606 2573 1672 sed
2621 1609 2888 1696 spiritus
2937 1609 3130 1673 astris

1213 1730 1311 1776 so.
1477 1714 1816 1802 Redditur,
1865 1716 2039 1781 unde
2086 1725 2267 1781 ortus
2316 1716 2597 1781 duxerat
2642 1715 2751 1781 ille
2799 1739 2967 1781 suos.

1376 1820 1676 1910 Namque
1721 1829 1905 1910 ego⁸,
1953 1821 2111 1887 dum
2161 1824 2410 1908 vivam,
2456 1833 2520 1888 te
2566 1845 2689 1888 nee
2732 1846 2942 1910 genus
2987 1844 3180 1889 omne
3231 1822 3449 1909 sileb0,

1483 1930 1658 2019 Apta
1703 1941 1886 2019 geret
1932 1954 2169 1996 nomen
2218 1929 2483 1996 eantula
2528 1952 2822 2019 quaeque
2866 1942 3071 1997 tuum.

1370 2037 1611 2103 Vinoto
1657 2049 2038 2129 perpetuum
2090 2040 2363 2126 iungunt
2407 2062 2526 2104 nos
2571 2039 2738 2105 atria
2784 2038 3044 2125 Christi,

1481 2146 1669 2213 Mens
1716 2148 1828 2215 ubi
1878 2171 2029 2215 eum
2078 2148 2254 2213 socio
2300 2170 2569 2236 corporo
2613 2146 2785 2213 lauta
2833 2151 3093 2214 inauot⁴

2259 2341 2348 2407 II.

2100 2466 2504 2533 Epitaphium&

1376 2571 1522 2637 Hoc
1568 2596 1716 2658 spes
1761 2574 1830 2637 in
1877 2572 2131 2638 tumulo
2176 2574 2428 2659 patriae
2475 2572 2869 2638 iuvenilibus
2916 2572 3106 2636 annis

1480 2676 1826 2759 Conditur3
1874 2688 2211 2740 aeternum
2259 2683 2402 2741 est⁶
2447 2677 2561 2741 sed
2610 2677 2897 2742 valitura
2941 2676 3122 2760 fides,

1373 2779 1523 2865 Qui,
1570 2780 1786 2846 studio
1833 2783 2089 2846 eunetis
2137 2781 2493 2867 mirandus,
2542 2780 2831 2846 moribus
2877 2792 3028 2845 ante

1478 2887 1785 2973 Currens,
1832 2888 1902 2952 in
1948 2886 2165 2951 media
2214 2888 2501 2953 concidit
2545 2885 2656 2951 ille
2702 2888 2828 2953 via.

1253 3014 1308 3059 s.
1369 2993 1428 3060 O
1474 3006 1789 3081 quantum
1837 2995 2075 3083 eripuit
2123 2995 2357 3061 misero
2405 3019 2577 3061 mors
2625 2995 2921 3084 improba
2965 3017 3168 3082 regno

1476 3103 1564 3168 Et
1611 3102 1812 3169 decus
1858 3115 1921 3170 et
1969 3103 2233 3191 famam,
2278 3126 2570 3193 quaeque
2619 3103 2899 3170 dolenda
2944 3102 3119 3170 tulit!
3184 3191 3194 3195 -

1371 3210 1498 3279 Sed
1549 3222 1767 3278 tamen
1814 3222 2035 3301 optata
2083 3223 2374 3301 superest
2420 3235 2800 3301 semperque
2845 3211 3110 3300 vigebit,

1476 3319 1693 3401 Quam
1739 3320 1834 3386 illi
1883 3322 2213 3410 propicius
2261 3320 2552 3407 eontulit,
2598 3343 2767 3409 aree,
2814 3323 2997 3388 Deus
3021 3324 3059 3386 ⁷.

1370 3429 1556 3495 Ilaec
1599 3430 1813 3518 posuit
1859 3452 2013 3497 earo
2063 3429 2319 3518 praesul
2371 3442 2787 3496 monumenta
2834 3429 3047 3519 nepoti

1211 3559 1303 3603 ιο.
1477 3537 1866 3625 Strigonius,
1912 3540 2067 3604 fletu
2114 3540 2650 3627 prostxluiturquo
2695 3538 2931 3604 locum.

1374 3788 1390 3816 ¹
1431 3789 1627 3840 Versus
1665 3790 2016 3856 hypermeter.

1372 3875 1394 3905 ²
1429 3894 1525 3929 ms.
1570 3879 1811 3942 „vivus“.

1371 3964 1394 3996 ⁸
1429 3983 1524 4019 ms.
1569 3984 1725 4032 „nam
1764 3973 1914 4037 ⁰30⁸·

1366 4056 1387 4086 ⁴
1428 4059 1499 4109 Et
1535 4067 1808 4110 structura
1844 4068 1898 4110 et
1935 4061 2074 4112 ratio
2114 4078 2384 4127 nexusque
2423 4062 2811 4113 sententiarum
2850 4059 3075 4111 extremi
3120 4058 3279 4110 huius
3323 4074 3441 4111 ear·

1154 4145 1314 4196 minis
1351 4148 1660 4198 mendorum
1699 4150 2055 4214 stispieiouom
2096 4160 2325 4201 movent.

1372 4233 1394 4262 ‘⁰
1429 4240 1583 4287 Corn.
1622 4236 1744 4290 413.

1369 4323 1393 4353 ⁰
1430 4327 1621 4376 Addidi
1659 4345 1723 4378 ex
1762 4331 2088 4382 coniectura.

1375 4410 1391 4441 ²
1427 4417 1622 4481 lunge:
1663 4425 1848 4481 optata
1885 4434 2027 4482 arce,
2066 4435 2228 4484 quam
2266 4419 2494 4469 eontulit
2530 4458 2541 4470 .
2583 4457 2594 4469 .
2636 4421 2795 4469 Deus.

2082 4563 2247 4570 ——--
2267 4562 2293 4569 -
2317 4562 2505 4568 ⁴——
