4109 5767
1063 815 1141 852 matt
1160 815 1248 851 lnam

612 1029 661 1076 aa.
693 1009 829 1076 Viveret
851 1031 871 1073 o
892 1009 1041 1073 utinam¹
1064 1018 1096 1074 et
1118 1007 1234 1073 vitulos
1257 1017 1403 1095 carperet
1426 1030 1532 1094 auras,

694 1117 957 1206 Perpetuumque
978 1115 1050 1182 colo
1073 1114 1229 1182 Lachesis
1252 1114 1426 1182 deduceret
1449 1117 1580 1184 aevuml

696 1223 792 1291 Talia
814 1247 880 1291 uon
901 1223 958 1290 illo
981 1222 1112 1290 molitus
1136 1222 1285 1292 Sarmata
1307 1222 1470 1310 quondam

695 1332 856 1400 Poutilice
878 1342 935 1418 est,
958 1330 1070 1401 Saxo¹
1092 1355 1172 1399 arva
1195 1331 1271 1398 licet
1293 1332 1403 1398 vicina
1425 1343 1560 1419 tenores,

698 1441 787 1510 Saxo
809 1465 914 1509 novae
936 1453 1077 1508 assertor
1099 1441 1227 1530 pictatis
1250 1451 1282 1507 ot
1305 1440 1471 1530 improbus
1494 1451 1615 1530 auctor,

614 1572 663 1618 ec.
692 1550 808 1616 Divini
832 1548 920 1617 Saxo
942 1548 1036 1616 verbi
1058 1550 1262 1637 importunus
1285 1547 1424 1615 adulter!

787 1656 935 1744 Urgebat
957 1655 1056 1721 dictis
1078 1655 1213 1743 populos
1236 1655 1398 1742 iussisque
1419 1655 1595 1743 premebat,

700 1761 766 1830 Ore
787 1773 902 1851 potens
924 1761 1055 1849 praesul
1078 1761 1209 1848 vitaque
1231 1760 1394 1827 verendus
1416 1760 1559 1826 honesta.

698 1870 822 1958 Regem
845 1868 901 1936 ille
923 1891 963 1936 ac
984 1866 1142 1957 populum
1164 1867 1255 1933 nullo
1277 1866 1465 1933 discrimine
1488 1867 1664 1956 habebat,⁸

696 1977 843 2042 Numina
864 1974 1047 2042 laedentem
1070 1976 1118 2041 sic
1142 1995 1275 2062 carpere
1297 1985 1408 2040 suetus
1431 1985 1613 2062 utrumque,

619 2105 667 2151 aa.
701 2084 798 2150 Esset
820 2093 857 2150 ut
880 2083 980 2171 upilio
1001 2083 1071 2169 regi
1094 2103 1163 2170 par,
1184 2104 1329 2169 purpura
1352 2081 1458 2148 nullos

699 2190 864 2277 Principis
886 2198 944 2254 aut
965 2190 1071 2253 maius
1094 2188 1223 2253 fucinus
1246 2189 1379 2253 sentiret
1402 2188 1547 2254 honores.

702 2293 792 2376 Quin
815 2317 912 2383 saepe
933 2295 968 2359 in
991 2315 1085 2382 reges
1107 2293 1285 2359 maioribus
1307 2292 1434 2360 excitus
1458 2295 1515 2360 iris

701 2402 848 2468 Antiates
870 2403 936 2467 ruit
958 2423 998 2466 ac
1020 2401 1130 2467 verbis
1152 2401 1275 2465 exarsit
1299 2399 1433 2466 acerbis.

702 2507 853 2575 Crudelis
874 2506 931 2574 leti
953 2508 1017 2572 fuit
1039 2506 1094 2572 olli
1118 2507 1206 2572 uude
1229 2508 1334 2573 omnis
1357 2507 1460 2594 origo:

619 2639 669 2684 ro.
700 2615 830 2705 Quippe
852 2613 1048 2702 Bolcslaum,
1070 2615 1176 2703 gantis
1199 2615 1255 2703 qui
1278 2622 1406 2704 secptra
1427 2615 1569 2682 Polonao

702 2722 931 2790 Sauromatum
953 2723 1019 2789 late
1040 2723 1234 2812 populorum
1256 2731 1288 2789 et
1310 2745 1411 2810 regna
1433 2722 1572 2809 tenebat,

701 2829 793 2895 Dum
815 2831 920 2918 carpit
942 2829 1073 2918 praesul
1095 2830 1287 2916 magnisque
1309 2828 1460 2894 licentius
1483 2830 1572 2895 ausis

702 2937 855 3024 increpat
877 2958 997 3003 auare
1018 2946 1051 3002 et
1072 2936 1162 3002 vitiis
1185 2945 1217 3001 et
1239 2935 1376 3002 crimina
1397 2946 1509 3022 tentat,

703 3042 778 3124 Quo
801 3065 837 3109 so
858 3065 918 3108 rex
940 3064 1068 3130 quoque
1091 3030 1247 3130 augustos
1270 3042 1416 3108 foedarat
1438 3040 1575 3108 honores

621 3171 671 3216 aa.
700 3148 867 3214 Plurimus
889 3149 1103 3238 impleratque
1125 3149 1209 3214 odiis
1232 3148 1393 3237 urbesque
1415 3148 1592 3237 domosque

703 3257 743 3322 In
765 3279 845 3343 sesa
869 3265 966 3345 atquo
988 3257 1039 3323 sui
1062 3256 1191 3344 oblitus,
1213 3255 1391 3345 divumque
1413 3255 1644 3344 hominumque

704 3363 872 3453 Quidquid
897 3373 975 3452 erut,
998 3363 1045 3430 nil
1067 3387 1127 3431 rex
1150 3365 1304 3431 vitiorum
1327 3363 1421 3453 liquit
1441 3352 1602 3432 inausum.

794 3471 883 3553 Quid
906 3495 1081 3540 memorem
1104 3473 1193 3540 cives
1209 3471 1398 3539 coedentem
1413 3472 1590 3561 urbemque
1608 3495 1749 3539 suorum

705 3581 872 3668 Sanguine
895 3581 1080 3647 foedantem
1103 3581 1376 3668 populantemque
1397 3581 1506 3646 omnia
1529 3581 1636 3646 lanu?

622 3709 672 3754 so.
703 3687 834 3771 Matres,
857 3687 1030 3752 infandum
1052 3687 1204 3774 -quod
1227 3699 1355 3775 postera
1377 3689 1501 3753 nesciat
1524 3690 1626 3754 aetasl
1649 3725 1694 3736 —

705 3793 836 3859 Ablatis
857 3795 982 3881 gremio
1005 3795 1100 3878 natis,
1123 3793 1271 3880 sugenda
1293 3795 1435 3859 ferarum

705 3899 817 3966 Ubera
840 3899 919 3965 dant
942 3899 1060 3965 catulis
1083 3922 1180 3965 saevo
1203 3909 1339 3987 cogente
1361 3911 1510 3990 tyranno.

705 4005 798 4071 Haec
821 4005 926 4071 bonus
949 4007 1084 4071 antistes
1108 4006 1187 4071 dum
1211 4007 1296 4072 iusta
1319 4007 1461 4095 percitus
1485 4007 1534 4071 ira

705 4112 852 4202 Castigat
874 4136 1048 4202 regemque
1071 4114 1161 4180 iubet
1183 4113 1317 4181 meliora
1340 4115 1483 4180 monenti

622 4243 678 4310 aa..
702 4221 822 4287 Parere
844 4231 877 4287 et
899 4221 1029 4288 facilem
1052 4244 1148 4287 voces
1172 4222 1286 4289 audire
1309 4221 1453 4309 deorum,

705 4327 800 4392 Illius
822 4329 856 4393 in
880 4351 951 4394 sese
972 4329 1105 4393 exacuit
1127 4328 1274 4395 crudelia
1297 4329 1396 4394 corda

706 4436 920 4523 Amovitque
942 4458 1068 4501 manus.
1097 4437 1142 4501 At
1165 4457 1229 4501 non
1252 4446 1361 4502 tamen
1382 4435 1522 4502 abstinet
1544 4434 1658 4502 audax

709 4712 719 4743 ¹
737 4713 801 4766 soil,
820 4720 886 4766 stus.
906 4711 1065 4766 Staulslaua

707 4799 719 4832 ¹
736 4803 800 4856 Edit
818 4805 839 4855 1:
859 4807 957 4869 „saao‘
979 4804 1023 4857 bic
1042 4813 1069 4857 ot
1087 4817 1112 4856 v.
1131 4803 1180 4872 (305
1199 4811 1347 4856 correctum
1368 4803 1396 4855 lu
1414 4803 1541 4856 secunda.

708 4890 817 4960 ’νοω
836 4897 902 4946 Asu.
922 4893 955 4948 x,
975 4893 1036 4946 108.
