<?xml version="1.0" encoding="UTF-8"?>
<!DOCTYPE html PUBLIC "-//W3C//DTD XHTML 1.0 Transitional//EN"
    "http://www.w3.org/TR/xhtml1/DTD/xhtml1-transitional.dtd">
<html xmlns="http://www.w3.org/1999/xhtml" xml:lang="en" lang="en">
 <head>
  <title>
</title>
<meta http-equiv="Content-Type" content="text/html;charset=utf-8" />
  <meta name='ocr-system' content='tesseract 3.04.00' />
  <meta name='ocr-capabilities' content='ocr_page ocr_carea ocr_par ocr_line ocrx_word'/>
</head>
<body>
  <div class='ocr_page' id='page_1' title='image "./petriroyziimaur00morogoog_0251.png"; bbox 0 0 4109 5767; ppageno 0'>
   <div class='ocr_carea' id='block_1_1' title="bbox 385 733 1526 2842">
    <p class='ocr_par' dir='ltr' id='par_1_1' title="bbox 386 733 1526 1563">
     <span class='ocr_line' id='line_1_1' title="bbox 711 733 1526 799; baseline -0.001 -14"><span class='ocrx_word' id='word_1_1' title='bbox 711 751 789 786; x_wconf 76' lang='lat' dir='ltr'><strong>saura</strong></span> <span class='ocrx_word' id='word_1_2' title='bbox 810 751 838 786; x_wconf 84' lang='lat' dir='ltr'><strong>rr</strong></span> <span class='ocrx_word' id='word_1_3' title='bbox 856 750 961 787; x_wconf 73' lang='lat' dir='ltr'><strong>ruma</strong></span> <span class='ocrx_word' id='word_1_4' title='bbox 979 751 1039 786; x_wconf 77' lang='lat' dir='ltr'><strong>sarr.</strong></span> <span class='ocrx_word' id='word_1_5' title='bbox 1059 748 1195 786; x_wconf 79' lang='lat' dir='ltr'><strong>uaoaovu.</strong></span> <span class='ocrx_word' id='word_1_6' title='bbox 1461 733 1526 799; x_wconf 74' lang='lat'><strong>125</strong></span> 
     </span>
     <span class='ocr_line' id='line_1_2' title="bbox 490 940 1435 1031; baseline -0.002 -23"><span class='ocrx_word' id='word_1_7' title='bbox 490 944 553 1009; x_wconf 83' lang='lat' dir='ltr'><strong>Ast</strong></span> <span class='ocrx_word' id='word_1_8' title='bbox 574 943 668 1009; x_wconf 88' lang='lat' dir='ltr'><strong>illum</strong></span> <span class='ocrx_word' id='word_1_9' title='bbox 691 965 867 1031; x_wconf 86' lang='lat' dir='ltr'><strong>properans</strong></span> <span class='ocrx_word' id='word_1_10' title='bbox 890 964 988 1030; x_wconf 86' lang='lat' dir='ltr'><strong>opera</strong></span> <span class='ocrx_word' id='word_1_11' title='bbox 1010 942 1096 1008; x_wconf 87' lang='lat' dir='ltr'><strong>inter</strong></span> <span class='ocrx_word' id='word_1_12' title='bbox 1116 942 1222 1029; x_wconf 87' lang='lat' dir='ltr'><strong>prime</strong></span> <span class='ocrx_word' id='word_1_13' title='bbox 1243 940 1318 1008; x_wconf 88' lang='lat' dir='ltr'><strong>tulit</strong></span> <span class='ocrx_word' id='word_1_14' title='bbox 1341 964 1435 1007; x_wconf 84' lang='lat' dir='ltr'><strong>more.</strong></span> 
     </span>
     <span class='ocr_line' id='line_1_3' title="bbox 578 1047 1476 1137; baseline -0.002 -20"><span class='ocrx_word' id='word_1_15' title='bbox 578 1050 694 1117; x_wconf 77' lang='lat' dir='ltr'><strong>cetera</strong></span> <span class='ocrx_word' id='word_1_16' title='bbox 716 1048 795 1137; x_wconf 89' lang='lat' dir='ltr'><strong>quid</strong></span> <span class='ocrx_word' id='word_1_17' title='bbox 818 1050 1015 1115; x_wconf 83' lang='lat' dir='ltr'><strong>memorem?</strong></span> <span class='ocrx_word' id='word_1_18' title='bbox 1038 1048 1156 1135; x_wconf 88' lang='lat' dir='ltr'><strong>quibus</strong></span> <span class='ocrx_word' id='word_1_19' title='bbox 1179 1072 1198 1114; x_wconf 91' lang='grc' dir='ltr'><strong>ο</strong></span> <span class='ocrx_word' id='word_1_20' title='bbox 1222 1047 1397 1113; x_wconf 85' lang='lat' dir='ltr'><strong>virtutibus</strong></span> <span class='ocrx_word' id='word_1_21' title='bbox 1421 1047 1476 1115; x_wconf 92' lang='lat' dir='ltr'><strong>ille</strong></span> 
     </span>
     <span class='ocr_line' id='line_1_4' title="bbox 386 1153 1290 1241; baseline -0.002 -20"><span class='ocrx_word' id='word_1_22' title='bbox 386 1176 456 1222; x_wconf 80' lang='lat' dir='ltr'><strong>ses.</strong></span> <span class='ocrx_word' id='word_1_23' title='bbox 490 1156 632 1222; x_wconf 82' lang='lat' dir='ltr'><strong>Aetemo</strong></span> <span class='ocrx_word' id='word_1_24' title='bbox 655 1154 792 1241; x_wconf 79' lang='lat' dir='ltr'><strong>dignum</strong></span> <span class='ocrx_word' id='word_1_25' title='bbox 815 1156 848 1220; x_wconf 90' lang='lat' dir='ltr'><strong>in</strong></span> <span class='ocrx_word' id='word_1_26' title='bbox 872 1154 966 1220; x_wconf 87' lang='lat' dir='ltr'><strong>terris</strong></span> <span class='ocrx_word' id='word_1_27' title='bbox 990 1176 1025 1219; x_wconf 88' lang='lat' dir='ltr'><strong>se</strong></span> <span class='ocrx_word' id='word_1_28' title='bbox 1048 1154 1178 1220; x_wconf 89' lang='lat' dir='ltr'><strong>nomine</strong></span> <span class='ocrx_word' id='word_1_29' title='bbox 1200 1153 1290 1220; x_wconf 85' lang='lat' dir='ltr'><strong>feeiti</strong></span> 
     </span>
     <span class='ocr_line' id='line_1_5' title="bbox 490 1258 1284 1327; baseline -0.004 0"><span class='ocrx_word' id='word_1_30' title='bbox 490 1261 589 1327; x_wconf 80' lang='lat' dir='ltr'><strong>Gesta</strong></span> <span class='ocrx_word' id='word_1_31' title='bbox 610 1262 674 1325; x_wconf 84' lang='lat' dir='ltr'><strong>viri</strong></span> <span class='ocrx_word' id='word_1_32' title='bbox 697 1260 812 1327; x_wconf 89' lang='lat' dir='ltr'><strong>domus</strong></span> <span class='ocrx_word' id='word_1_33' title='bbox 835 1269 868 1326; x_wconf 92' lang='lat' dir='ltr'><strong>et</strong></span> <span class='ocrx_word' id='word_1_34' title='bbox 889 1260 999 1326; x_wconf 85' lang='lat' dir='ltr'><strong>vetitis</strong></span> <span class='ocrx_word' id='word_1_35' title='bbox 1021 1260 1164 1325; x_wconf 86' lang='lat' dir='ltr'><strong>obnoxia</strong></span> <span class='ocrx_word' id='word_1_36' title='bbox 1186 1258 1284 1325; x_wconf 87' lang='lat' dir='ltr'><strong>nuliis</strong></span> 
     </span>
     <span class='ocr_line' id='line_1_6' title="bbox 490 1363 1222 1454; baseline -0.004 -20"><span class='ocrx_word' id='word_1_37' title='bbox 490 1365 623 1454; x_wconf 88' lang='lat' dir='ltr'><strong>Sponda</strong></span> <span class='ocrx_word' id='word_1_38' title='bbox 646 1365 838 1433; x_wconf 87' lang='lat' dir='ltr'><strong>libidinibus</strong></span> <span class='ocrx_word' id='word_1_39' title='bbox 860 1363 1081 1433; x_wconf 88' lang='lat' dir='ltr'><strong>delibatamve</strong></span> <span class='ocrx_word' id='word_1_40' title='bbox 1103 1363 1222 1431; x_wconf 85' lang='lat' dir='ltr'><strong>eubile.</strong></span> 
     </span>
     <span class='ocr_line' id='line_1_7' title="bbox 490 1472 1297 1563; baseline -0.001 -24"><span class='ocrx_word' id='word_1_41' title='bbox 490 1473 639 1563; x_wconf 79' lang='lat' dir='ltr'><strong>Hospitio</strong></span> <span class='ocrx_word' id='word_1_42' title='bbox 662 1472 806 1558; x_wconf 83' lang='lat' dir='ltr'><strong>indulsit,</strong></span> <span class='ocrx_word' id='word_1_43' title='bbox 830 1494 1020 1539; x_wconf 73' lang='lat' dir='ltr'><strong>succurrere</strong></span> <span class='ocrx_word' id='word_1_44' title='bbox 1042 1472 1153 1559; x_wconf 82' lang='lat' dir='ltr'><strong>largus</strong></span> <span class='ocrx_word' id='word_1_45' title='bbox 1176 1472 1297 1560; x_wconf 81' lang='lat' dir='ltr'><strong>egenis,</strong></span> 
     </span>
    </p>

    <p class='ocr_par' dir='ltr' id='par_1_2' title="bbox 385 1578 1475 1883">
     <span class='ocr_line' id='line_1_8' title="bbox 490 1578 1400 1669; baseline -0.002 -22"><span class='ocrx_word' id='word_1_46' title='bbox 490 1580 571 1647; x_wconf 79' lang='lat' dir='ltr'><strong>Esse</strong></span> <span class='ocrx_word' id='word_1_47' title='bbox 594 1603 690 1647; x_wconf 85' lang='lat' dir='ltr'><strong>suum</strong></span> <span class='ocrx_word' id='word_1_48' title='bbox 714 1602 833 1646; x_wconf 83' lang='lat' dir='ltr'><strong>munus</strong></span> <span class='ocrx_word' id='word_1_49' title='bbox 853 1578 990 1647; x_wconf 84' lang='lat' dir='ltr'><strong>eredens</strong></span> <span class='ocrx_word' id='word_1_50' title='bbox 1012 1603 1073 1667; x_wconf 91' lang='lat' dir='ltr'><strong>ope</strong></span> <span class='ocrx_word' id='word_1_51' title='bbox 1096 1601 1255 1669; x_wconf 83' lang='lat' dir='ltr'><strong>quemque</strong></span> <span class='ocrx_word' id='word_1_52' title='bbox 1278 1580 1400 1665; x_wconf 81' lang='lat' dir='ltr'><strong>iuvare,</strong></span> 
     </span>
     <span class='ocr_line' id='line_1_9' title="bbox 385 1686 1475 1775; baseline 0.001 -23"><span class='ocrx_word' id='word_1_53' title='bbox 385 1708 455 1753; x_wconf 83' lang='lat' dir='ltr'><strong>aro.</strong></span> <span class='ocrx_word' id='word_1_54' title='bbox 489 1688 610 1774; x_wconf 81' lang='lat' dir='ltr'><strong>Magna</strong></span> <span class='ocrx_word' id='word_1_55' title='bbox 631 1688 695 1754; x_wconf 90' lang='lat' dir='ltr'><strong>viri</strong></span> <span class='ocrx_word' id='word_1_56' title='bbox 717 1688 752 1753; x_wconf 90' lang='lat' dir='ltr'><strong>in</strong></span> <span class='ocrx_word' id='word_1_57' title='bbox 775 1687 887 1753; x_wconf 81' lang='lat' dir='ltr'><strong>doetus</strong></span> <span class='ocrx_word' id='word_1_58' title='bbox 909 1687 1114 1773; x_wconf 87' lang='lat' dir='ltr'><strong>multamque</strong></span> <span class='ocrx_word' id='word_1_59' title='bbox 1136 1689 1269 1775; x_wconf 80' lang='lat' dir='ltr'><strong>profusa</strong></span> <span class='ocrx_word' id='word_1_60' title='bbox 1292 1686 1442 1755; x_wconf 84' lang='lat' dir='ltr'><strong>voluntas</strong></span> <span class='ocrx_word' id='word_1_61' title='bbox 1452 1690 1475 1773; x_wconf 87' lang='lat'><strong>¹,</strong></span> 
     </span>
     <span class='ocr_line' id='line_1_10' title="bbox 489 1794 1390 1883; baseline -0.001 -23"><span class='ocrx_word' id='word_1_62' title='bbox 489 1794 598 1883; x_wconf 82' lang='lat' dir='ltr'><strong>Larga</strong></span> <span class='ocrx_word' id='word_1_63' title='bbox 620 1817 736 1859; x_wconf 89' lang='lat' dir='ltr'><strong>manus</strong></span> <span class='ocrx_word' id='word_1_64' title='bbox 758 1794 874 1860; x_wconf 71' lang='lat' dir='ltr'><strong>lurrulis</strong></span> <span class='ocrx_word' id='word_1_65' title='bbox 897 1794 932 1859; x_wconf 89' lang='lat' dir='ltr'><strong>in</strong></span> <span class='ocrx_word' id='word_1_66' title='bbox 954 1816 1091 1859; x_wconf 86' lang='lat' dir='ltr'><strong>manera</strong></span> <span class='ocrx_word' id='word_1_67' title='bbox 1113 1816 1240 1882; x_wconf 85' lang='lat' dir='ltr'><strong>seraper</strong></span> <span class='ocrx_word' id='word_1_68' title='bbox 1261 1794 1390 1883; x_wconf 79' lang='lat' dir='ltr'><strong>apertis.</strong></span> 
     </span>
    </p>

    <p class='ocr_par' dir='ltr' id='par_1_3' title="bbox 385 1900 1437 2842">
     <span class='ocr_line' id='line_1_11' title="bbox 489 1900 1207 1988; baseline 0 -23"><span class='ocrx_word' id='word_1_69' title='bbox 489 1900 552 1967; x_wconf 93' lang='lat' dir='ltr'>Illo</span> <span class='ocrx_word' id='word_1_70' title='bbox 573 1900 687 1988; x_wconf 85' lang='lat' dir='ltr'><strong>religio</strong></span> <span class='ocrx_word' id='word_1_71' title='bbox 709 1924 775 1967; x_wconf 89' lang='lat' dir='ltr'><strong>nou</strong></span> <span class='ocrx_word' id='word_1_72' title='bbox 797 1900 946 1988; x_wconf 84' lang='lat' dir='ltr'><strong>ignorata</strong></span> <span class='ocrx_word' id='word_1_73' title='bbox 968 1900 1124 1987; x_wconf 84' lang='lat' dir='ltr'><strong>magistro</strong></span> <span class='ocrx_word' id='word_1_74' title='bbox 1146 1910 1207 1984; x_wconf 87' lang='lat' dir='ltr'><strong>est;</strong></span> 
     </span>
     <span class='ocr_line' id='line_1_12' title="bbox 488 2006 1261 2094; baseline 0 -21"><span class='ocrx_word' id='word_1_75' title='bbox 488 2008 626 2073; x_wconf 79' lang='lat' dir='ltr'><strong>Pectora</strong></span> <span class='ocrx_word' id='word_1_76' title='bbox 647 2006 796 2094; x_wconf 73' lang='lat' dir='ltr'><strong>gestabat</strong></span> <span class='ocrx_word' id='word_1_77' title='bbox 818 2029 883 2073; x_wconf 89' lang='lat' dir='ltr'><strong>non</strong></span> <span class='ocrx_word' id='word_1_78' title='bbox 905 2007 961 2073; x_wconf 85' lang='lat' dir='ltr'><strong>ille</strong></span> <span class='ocrx_word' id='word_1_79' title='bbox 983 2008 1122 2073; x_wconf 78' lang='lat' dir='ltr'><strong>immitia</strong></span> <span class='ocrx_word' id='word_1_80' title='bbox 1143 2030 1261 2073; x_wconf 84' lang='lat' dir='ltr'><strong>saevus</strong></span> 
     </span>
     <span class='ocr_line' id='line_1_13' title="bbox 489 2111 1310 2179; baseline 0 -2"><span class='ocrx_word' id='word_1_81' title='bbox 489 2111 680 2178; x_wconf 86' lang='lat' dir='ltr'><strong>Pulsavitve</strong></span> <span class='ocrx_word' id='word_1_82' title='bbox 701 2134 801 2177; x_wconf 85' lang='lat' dir='ltr'><strong>manu</strong></span> <span class='ocrx_word' id='word_1_83' title='bbox 824 2122 881 2177; x_wconf 89' lang='lat' dir='ltr'><strong>aut</strong></span> <span class='ocrx_word' id='word_1_84' title='bbox 903 2112 1011 2178; x_wconf 85' lang='lat' dir='ltr'><strong>tristes</strong></span> <span class='ocrx_word' id='word_1_85' title='bbox 1034 2112 1156 2179; x_wconf 79' lang='lat' dir='ltr'><strong>exarsit</strong></span> <span class='ocrx_word' id='word_1_86' title='bbox 1179 2113 1213 2177; x_wconf 92' lang='lat' dir='ltr'><strong>in</strong></span> <span class='ocrx_word' id='word_1_87' title='bbox 1235 2113 1310 2178; x_wconf 85' lang='lat' dir='ltr'><strong>iras.</strong></span> 
     </span>
     <span class='ocr_line' id='line_1_14' title="bbox 385 2218 1191 2307; baseline 0 -24"><span class='ocrx_word' id='word_1_88' title='bbox 385 2239 456 2284; x_wconf 83' lang='lat' dir='ltr'><strong>ars.</strong></span> <span class='ocrx_word' id='word_1_89' title='bbox 490 2218 620 2284; x_wconf 77' lang='lat' dir='ltr'><strong>Exores</strong></span> <span class='ocrx_word' id='word_1_90' title='bbox 642 2218 725 2305; x_wconf 86' lang='lat' dir='ltr'><strong>lites,</strong></span> <span class='ocrx_word' id='word_1_91' title='bbox 747 2240 861 2307; x_wconf 87' lang='lat' dir='ltr'><strong>paeam</strong></span> <span class='ocrx_word' id='word_1_92' title='bbox 885 2218 1028 2307; x_wconf 81' lang='lat' dir='ltr'><strong>captavit</strong></span> <span class='ocrx_word' id='word_1_93' title='bbox 1052 2219 1191 2286; x_wconf 86' lang='lat' dir='ltr'><strong>amieanr</strong></span> 
     </span>
     <span class='ocr_line' id='line_1_15' title="bbox 490 2324 1298 2413; baseline 0.002 -22"><span class='ocrx_word' id='word_1_94' title='bbox 490 2325 722 2413; x_wconf 87' lang='lat' dir='ltr'><strong>Abstinuitque</strong></span> <span class='ocrx_word' id='word_1_95' title='bbox 745 2349 861 2392; x_wconf 75' lang='lat' dir='ltr'><strong>rannus</strong></span> <span class='ocrx_word' id='word_1_96' title='bbox 884 2326 990 2393; x_wconf 86' lang='lat' dir='ltr'><strong>alieno</strong></span> <span class='ocrx_word' id='word_1_97' title='bbox 1011 2326 1118 2391; x_wconf 85' lang='lat' dir='ltr'><strong>iustus</strong></span> <span class='ocrx_word' id='word_1_98' title='bbox 1141 2324 1182 2392; x_wconf 88' lang='lat' dir='ltr'><strong>ab</strong></span> <span class='ocrx_word' id='word_1_99' title='bbox 1206 2348 1298 2408; x_wconf 66' lang='grc' dir='ltr'><strong>ουτος</strong></span> 
     </span>
     <span class='ocr_line' id='line_1_16' title="bbox 488 2430 1403 2521; baseline 0 -23"><span class='ocrx_word' id='word_1_100' title='bbox 488 2430 563 2498; x_wconf 88' lang='lat' dir='ltr'><strong>Non</strong></span> <span class='ocrx_word' id='word_1_101' title='bbox 585 2432 703 2499; x_wconf 84' lang='lat' dir='ltr'><strong>avidus</strong></span> <span class='ocrx_word' id='word_1_102' title='bbox 722 2444 881 2521; x_wconf 80' lang='lat' dir='ltr'><strong>raptorve,</strong></span> <span class='ocrx_word' id='word_1_103' title='bbox 903 2432 1016 2501; x_wconf 85' lang='lat' dir='ltr'><strong>volens</strong></span> <span class='ocrx_word' id='word_1_104' title='bbox 1040 2456 1100 2500; x_wconf 87' lang='lat' dir='ltr'><strong>sua</strong></span> <span class='ocrx_word' id='word_1_105' title='bbox 1122 2434 1240 2521; x_wconf 82' lang='lat' dir='ltr'><strong>auique</strong></span> <span class='ocrx_word' id='word_1_106' title='bbox 1263 2432 1403 2521; x_wconf 87' lang='lat' dir='ltr'><strong>reliquit.</strong></span> 
     </span>
     <span class='ocr_line' id='line_1_17' title="bbox 441 2539 1437 2630; baseline -0.002 -22"><span class='ocrx_word' id='word_1_107' title='bbox 441 2564 446 2571; x_wconf 86' lang='lat'><strong>·</strong></span> <span class='ocrx_word' id='word_1_108' title='bbox 490 2540 631 2608; x_wconf 87' lang='lat' dir='ltr'><strong>Sanetus</strong></span> <span class='ocrx_word' id='word_1_109' title='bbox 652 2550 731 2628; x_wconf 83' lang='lat' dir='ltr'><strong>erat,</strong></span> <span class='ocrx_word' id='word_1_110' title='bbox 753 2540 854 2608; x_wconf 88' lang='lat' dir='ltr'><strong>lueris</strong></span> <span class='ocrx_word' id='word_1_111' title='bbox 876 2539 1024 2630; x_wconf 82' lang='lat' dir='ltr'><strong>gaudens</strong></span> <span class='ocrx_word' id='word_1_112' title='bbox 1045 2539 1135 2607; x_wconf 87' lang='lat' dir='ltr'><strong>head</strong></span> <span class='ocrx_word' id='word_1_113' title='bbox 1157 2540 1307 2630; x_wconf 89' lang='lat' dir='ltr'><strong>turpibus</strong></span> <span class='ocrx_word' id='word_1_114' title='bbox 1331 2539 1437 2607; x_wconf 56' lang='lat' dir='ltr'><strong>ullis&amp;</strong></span> 
     </span>
     <span class='ocr_line' id='line_1_18' title="bbox 577 2646 1384 2737; baseline 0 -24"><span class='ocrx_word' id='word_1_115' title='bbox 577 2646 700 2732; x_wconf 82' lang='lat' dir='ltr'><strong>Talem,</strong></span> <span class='ocrx_word' id='word_1_116' title='bbox 723 2670 792 2734; x_wconf 80' lang='lat' dir='ltr'><strong>rex,</strong></span> <span class='ocrx_word' id='word_1_117' title='bbox 814 2648 953 2737; x_wconf 87' lang='lat' dir='ltr'><strong>templis,</strong></span> <span class='ocrx_word' id='word_1_118' title='bbox 974 2648 1073 2714; x_wconf 86' lang='lat' dir='ltr'><strong>talem</strong></span> <span class='ocrx_word' id='word_1_119' title='bbox 1097 2648 1295 2736; x_wconf 80' lang='lat' dir='ltr'><strong>quaesiveris</strong></span> <span class='ocrx_word' id='word_1_120' title='bbox 1319 2648 1384 2713; x_wconf 88' lang='lat' dir='ltr'><strong>aris</strong></span> 
     </span>
     <span class='ocr_line' id='line_1_19' title="bbox 385 2753 1290 2842; baseline 0.001 -24"><span class='ocrx_word' id='word_1_121' title='bbox 385 2774 454 2818; x_wconf 81' lang='lat' dir='ltr'><strong>vso.</strong></span> <span class='ocrx_word' id='word_1_122' title='bbox 488 2753 688 2839; x_wconf 87' lang='lat' dir='ltr'><strong>Pontifieem‚</strong></span> <span class='ocrx_word' id='word_1_123' title='bbox 710 2753 809 2819; x_wconf 88' lang='lat' dir='ltr'><strong>talem</strong></span> <span class='ocrx_word' id='word_1_124' title='bbox 830 2754 955 2819; x_wconf 89' lang='lat' dir='ltr'><strong>Divum</strong></span> <span class='ocrx_word' id='word_1_125' title='bbox 979 2754 1123 2821; x_wconf 78' lang='lat' dir='ltr'><strong>sacraria</strong></span> <span class='ocrx_word' id='word_1_126' title='bbox 1144 2764 1290 2842; x_wconf 82' lang='lat' dir='ltr'><strong>poseant</strong></span> 
     </span>
    </p>
   </div>
   <div class='ocr_carea' id='block_1_2' title="bbox 489 2858 1355 3275">
    <p class='ocr_par' dir='ltr' id='par_1_4' title="bbox 489 2858 1355 3164">
     <span class='ocr_line' id='line_1_20' title="bbox 490 2858 1343 2949; baseline 0.001 -25"><span class='ocrx_word' id='word_1_127' title='bbox 490 2858 580 2925; x_wconf 83' lang='lat' dir='ltr'><strong>Talis</strong></span> <span class='ocrx_word' id='word_1_128' title='bbox 602 2869 672 2927; x_wconf 87' lang='lat' dir='ltr'><strong>erat</strong></span> <span class='ocrx_word' id='word_1_129' title='bbox 695 2858 836 2948; x_wconf 85' lang='lat' dir='ltr'><strong>Samuel,</strong></span> <span class='ocrx_word' id='word_1_130' title='bbox 859 2859 956 2927; x_wconf 81' lang='lat' dir='ltr'><strong>talem</strong></span> <span class='ocrx_word' id='word_1_131' title='bbox 979 2871 1012 2927; x_wconf 89' lang='lat' dir='ltr'><strong>te</strong></span> <span class='ocrx_word' id='word_1_132' title='bbox 1034 2860 1198 2949; x_wconf 88' lang='lat' dir='ltr'><strong>poseimus</strong></span> <span class='ocrx_word' id='word_1_133' title='bbox 1220 2882 1343 2927; x_wconf 88' lang='lat' dir='ltr'><strong>omues.</strong></span> 
     </span>
     <span class='ocr_line' id='line_1_21' title="bbox 490 2966 1355 3059; baseline -0.001 -26"><span class='ocrx_word' id='word_1_134' title='bbox 490 2967 629 3049; x_wconf 80' lang='lat' dir='ltr'><strong>Qualem</strong></span> <span class='ocrx_word' id='word_1_135' title='bbox 652 2968 680 3035; x_wconf 92' lang='lat' dir='ltr'><strong>si</strong></span> <span class='ocrx_word' id='word_1_136' title='bbox 703 2966 832 3036; x_wconf 84' lang='lat' dir='ltr'><strong>dederis</strong></span> <span class='ocrx_word' id='word_1_137' title='bbox 854 2967 992 3059; x_wconf 86' lang='lat' dir='ltr'><strong>templis,</strong></span> <span class='ocrx_word' id='word_1_138' title='bbox 1016 2968 1175 3057; x_wconf 68' lang='lat' dir='ltr'><strong>Augeae,</strong></span> <span class='ocrx_word' id='word_1_139' title='bbox 1199 2968 1355 3057; x_wconf 83' lang='lat' dir='ltr'><strong>Deorum,</strong></span> 
     </span>
     <span class='ocr_line' id='line_1_22' title="bbox 489 3076 1234 3164; baseline 0.004 -22"><span class='ocrx_word' id='word_1_140' title='bbox 489 3077 609 3144; x_wconf 87' lang='lat' dir='ltr'><strong>Nostra</strong></span> <span class='ocrx_word' id='word_1_141' title='bbox 631 3087 704 3144; x_wconf 87' lang='lat' dir='ltr'><strong>tuos</strong></span> <span class='ocrx_word' id='word_1_142' title='bbox 726 3077 804 3144; x_wconf 85' lang='lat' dir='ltr'><strong>olim</strong></span> <span class='ocrx_word' id='word_1_143' title='bbox 826 3076 898 3147; x_wconf 82' lang='lat' dir='ltr'><strong>olio</strong></span> <span class='ocrx_word' id='word_1_144' title='bbox 921 3076 1067 3145; x_wconf 71' lang='lat' dir='ltr'><strong>mutabit</strong></span> <span class='ocrx_word' id='word_1_145' title='bbox 1088 3076 1234 3164; x_wconf 81' lang='lat' dir='ltr'><strong>honores,</strong></span> 
     </span>
    </p>

    <p class='ocr_par' dir='ltr' id='par_1_5' title="bbox 489 3185 1350 3275">
     <span class='ocr_line' id='line_1_23' title="bbox 489 3185 1350 3275; baseline 0.001 -23"><span class='ocrx_word' id='word_1_146' title='bbox 489 3185 713 3275; x_wconf 87' lang='lat' dir='ltr'><strong>Perpetuoque</strong></span> <span class='ocrx_word' id='word_1_147' title='bbox 735 3194 829 3252; x_wconf 88' lang='lat' dir='ltr'><strong>tuam</strong></span> <span class='ocrx_word' id='word_1_148' title='bbox 851 3186 1029 3253; x_wconf 83' lang='lat' dir='ltr'><strong>servabunt</strong></span> <span class='ocrx_word' id='word_1_149' title='bbox 1052 3186 1199 3253; x_wconf 83' lang='lat' dir='ltr'><strong>eenaina</strong></span> <span class='ocrx_word' id='word_1_150' title='bbox 1222 3209 1350 3253; x_wconf 88' lang='lat' dir='ltr'><strong>nomen.</strong></span> 
     </span>
    </p>
   </div>
   <div class='ocr_carea' id='block_1_3' title="bbox 384 3414 1533 3657">
    <p class='ocr_par' dir='ltr' id='par_1_6' title="bbox 384 3414 1533 3657">
     <span class='ocr_line' id='line_1_24' title="bbox 494 3414 1533 3483; baseline 0.002 -16"><span class='ocrx_word' id='word_1_151' title='bbox 494 3414 582 3483; x_wconf 79' lang='lat' dir='ltr'><strong>&#39;lpas</strong></span> <span class='ocrx_word' id='word_1_152' title='bbox 600 3417 716 3481; x_wconf 65' lang='lat' dir='ltr'><strong>Raptim</strong></span> <span class='ocrx_word' id='word_1_153' title='bbox 740 3430 769 3467; x_wconf 80' lang='grc' dir='ltr'><strong>ιο</strong></span> <span class='ocrx_word' id='word_1_154' title='bbox 792 3415 850 3467; x_wconf 80' lang='lat' dir='ltr'><strong>sius</strong></span> <span class='ocrx_word' id='word_1_155' title='bbox 874 3414 1014 3468; x_wconf 76' lang='lat' dir='ltr'><strong>liberalem</strong></span> <span class='ocrx_word' id='word_1_156' title='bbox 1039 3416 1159 3467; x_wconf 80' lang='lat' dir='ltr'><strong>animum</strong></span> <span class='ocrx_word' id='word_1_157' title='bbox 1183 3416 1291 3483; x_wconf 73' lang='lat' dir='ltr'><strong>saepius</strong></span> <span class='ocrx_word' id='word_1_158' title='bbox 1312 3422 1451 3483; x_wconf 72' lang='lat' dir='ltr'><strong>expertum</strong></span> <span class='ocrx_word' id='word_1_159' title='bbox 1469 3430 1533 3469; x_wconf 76' lang='lat' dir='ltr'><strong>eus</strong></span> 
     </span>
     <span class='ocr_line' id='line_1_25' title="bbox 384 3502 705 3555; baseline 0.003 -2"><span class='ocrx_word' id='word_1_160' title='bbox 384 3502 478 3555; x_wconf 79' lang='lat' dir='ltr'><strong>multis</strong></span> <span class='ocrx_word' id='word_1_161' title='bbox 496 3502 563 3555; x_wconf 78' lang='lat' dir='ltr'><strong>loeis</strong></span> <span class='ocrx_word' id='word_1_162' title='bbox 582 3510 705 3555; x_wconf 80' lang='lat' dir='ltr'><strong>testatur.</strong></span> 
     </span>
     <span class='ocr_line' id='line_1_26' title="bbox 493 3587 1448 3657; baseline 0.001 -15"><span class='ocrx_word' id='word_1_163' title='bbox 493 3587 505 3619; x_wconf 89' lang='lat'><strong>¹</strong></span> <span class='ocrx_word' id='word_1_164' title='bbox 521 3591 628 3643; x_wconf 77' lang='lat' dir='ltr'><strong>Laude·</strong></span> <span class='ocrx_word' id='word_1_165' title='bbox 647 3588 779 3643; x_wconf 79' lang='lat' dir='ltr'><strong>Samaslis</strong></span> <span class='ocrx_word' id='word_1_166' title='bbox 797 3588 914 3642; x_wconf 76' lang='lat' dir='ltr'><strong>itaeievi</strong></span> <span class='ocrx_word' id='word_1_167' title='bbox 932 3590 1040 3657; x_wconf 77' lang='lat' dir='ltr'><strong>saepius</strong></span> <span class='ocrx_word' id='word_1_168' title='bbox 1059 3589 1130 3657; x_wconf 81' lang='lat' dir='ltr'><strong>apud</strong></span> <span class='ocrx_word' id='word_1_169' title='bbox 1148 3590 1277 3655; x_wconf 71' lang='lat' dir='ltr'><strong>Bupalum</strong></span> <span class='ocrx_word' id='word_1_170' title='bbox 1296 3598 1448 3643; x_wconf 76' lang='lat' dir='ltr'><strong>aecumst</strong></span> 
     </span>
    </p>
   </div>
   <div class='ocr_carea' id='block_1_4' title="bbox 0 0 2060 5767">
    <p class='ocr_par' dir='ltr' id='par_1_7' title="bbox 0 0 2060 5767">
     <span class='ocr_line' id='line_1_27' title="bbox 0 0 2060 5767; baseline 0 0"><span class='ocrx_word' id='word_1_171' title='bbox 0 0 2060 5767; x_wconf 95' lang='lat' dir='ltr'><strong> </strong></span> 
     </span>
    </p>
   </div>
  </div>
 </body>
</html>
