4109 5767
814 821 852 857 so
870 822 984 858 οιτιιιοοο
1002 821 1123 856 somnos.
1469 808 1542 874 203

505 1017 657 1085 Perditus
679 1026 721 1105 et,
744 1015 827 1085 duro
850 1017 905 1085 oui
929 1029 1005 1085 suut
1026 1016 1115 1085 mela
1136 1017 1276 1086 erimina
1297 1018 1398 1107 sordi,

557 1125 645 1190 Ante
667 1146 742 1190 aras
765 1122 906 1190 madidis
929 1123 1079 1212 procidit,
1101 1123 1166 1211 ille,
1187 1125 1291 1212 genis,

445 1250 472 1294 s.
503 1227 716 1316 Ultoremque
737 1228 849 1294 Deam
869 1237 1026 1313 metuens,
1048 1227 1184 1295 meliora
1206 1239 1346 1316 seoutus,

558 1333 667 1414 Quem
689 1332 775 1398 male
796 1333 949 1422 neglexit,
972 1333 1078 1422 eoepit
1101 1355 1210 1400 amare
1232 1335 1329 1400 viem

505 1438 595 1521 Quid
620 1461 685 1506 non
707 1440 873 1528 promerui
895 1439 994 1527 dulei,
1016 1440 1070 1528 pie
1093 1439 1250 1528 Sarmata,
1273 1441 1395 1508 uentu?

559 1547 599 1612 ln
622 1568 691 1614 rem
714 1555 888 1614 rauserunt
909 1555 1044 1635 gutture
1066 1570 1162 1636 saepe
1184 1556 1283 1614 tuam.

507 1652 609 1742 Saepe
631 1651 712 1719 mihi
735 1675 864 1721 mensas
886 1663 919 1720 et
940 1653 1059 1742 poeula
1080 1663 1174 1743 grata
1196 1653 1325 1742 negavi,

427 1784 473 1826 ιο.
559 1760 650 1826 Dum
672 1759 732 1826 tihi
756 1761 797 1827 de
820 1759 910 1828 eaelo
933 1762 1081 1828 earmina
1102 1760 1187 1829 laets
1209 1783 1297 1850 paro,

506 1867 554 1933 Te
576 1867 695 1954 quibus
718 1866 863 1934 attollam
885 1877 972 1934 terra
994 1877 1027 1933 et
1049 1891 1147 1956 super
1169 1867 1301 1935 aethera
1323 1869 1440 1934 sistum

383 1976 386 1981 ’
559 1971 667 2062 Atque
690 1973 799 2038 animo
821 1973 957 2040 deosum
980 1995 1101 2062 opeque
1122 1983 1233 2040 tenere
1255 1972 1353 2062 polos.

507 2079 576 2145 Vos
599 2088 698 2146 esntu
720 2101 741 2145 s
763 2080 854 2146 vitiis
876 2079 1030 2146 revocavi
1052 2089 1226 2168 vestraque
1248 2080 1355 2146 saevis

562 2185 671 2255 corda
693 2209 765 2256 meo
787 2186 870 2255 solvi
894 2187 1040 2255 earmina
1063 2185 1265 2255 criminibus

429 2318 476 2362 ιο.
506 2296 561 2362 Me
584 2303 736 2364 mutante
758 2295 837 2363 mali
861 2295 1051 2364 oeciderunt
1073 2295 1240 2364 daemonis
1263 2303 1362 2382 astur,

561 2403 741 2471 Diseussae
762 2413 802 2490 et,
826 2403 910 2473 mele
932 2426 1014 2493 ques
1037 2404 1160 2490 nexuit,
1182 2402 1329 2472 insidiae

508 2511 562 2577 Me
585 2519 737 2578 mutante
758 2513 848 2578 viam
870 2511 949 2580 eelsi
972 2510 1135 2580 didicistis
1159 2511 1302 2602 Olympi,

562 2616 618 2683 Ad
640 2641 773 2706 superos
795 2628 895 2685 oantu
918 2621 1035 2686 semita
1056 2627 1133 2686 notu
1155 2641 1228 2685 meo
1250 2628 1308 2686 est

509 2724 574 2790 Pro
596 2747 649 2790 me
671 2724 755 2790 elius
778 2735 899 2808 eantet;
920 2735 994 2813 post
1015 2735 1063 2792 tot
1085 2724 1166 2790 mihi
1189 2725 1336 2791 earmina
1359 2733 1460 2790 uentu

427 2851 476 2894 ao.
559 2829 699 2897 Defessa
720 2831 811 2896 voois
834 2852 922 2896 mors
945 2830 1017 2896 fera
1041 2830 1159 2898 elausit
1181 2831 1252 2898 iter.

941 3023 1010 3090 ΠΛ

509 3148 563 3213 Eu
584 3145 710 3234 humili,
732 3145 828 3213 modo
850 3169 947 3236 quem
969 3145 1102 3214 sublimi
1125 3170 1144 3214 e
1167 3145 1243 3214 sede
1265 3155 1432 3214 tonantem

563 3253 605 3320 In
628 3253 710 3320 vitis
732 3252 863 3342 audisti,
885 3254 1036 3322 conditus
1057 3253 1121 3321 hoo
1144 3251 1269 3321 tumulo
1292 3263 1350 3320 est

510 3359 581 3447 Illo,
602 3360 735 3447 Poloue,
757 3369 843 3448 tuus,
865 3362 986 3429 oeoinit
1007 3361 1064 3450 qui
1087 3361 1206 3448 duleis,
1228 3360 1355 3448 Gallus,

565 3466 729 3555 Carmine,
751 3489 835 3556 quae
857 3468 946 3535 vitae
968 3489 1083 3535 norma
1105 3466 1198 3534 fuere
1220 3476 1305 3552 tuae,

453 3596 480 3638 s.
511 3571 606 3653 Quae
625 3594 805 3662 requerere,
828 3572 957 3660 doeens,
972 3583 1049 3639 sunt
1071 3595 1155 3662 quae
1177 3572 1343 3661 fugienda,
1365 3595 1552 3658 moensens,

565 3678 597 3745 A
619 3679 711 3746 vitiis
734 3680 881 3747 animum
903 3680 1019 3747 terruit
1040 3677 1096 3746 ille
1119 3688 1222 3748 tuum.

512 3787 740 3875 Vartutemquo
762 3788 854 3875 sequi
876 3787 980 3875 iussit,
1002 3809 1069 3855 nou
1091 3785 1221 3854 loedere
1243 3809 1447 3876 quemquam,

564 3896 596 3961 A
618 3895 791 3983 vetitisque
813 3893 927 3961 uvidus
950 3894 1147 3962 abstinuisse
1169 3917 1295 3962 manus.

511 4001 580 4067 Ista
602 4000 724 4067 doeens
747 4000 958 4089 faciensque’
980 4000 1103 4087 eadem,
1125 4008 1323 4066 monstrarat
1345 4001 1388 4066 od
1410 4009 1509 4085 astra,

433 4130 480 4173 ιο.
562 4105 660 4187 Quod
681 4106 743 4173 tibi
765 4128 989 4194 praesumens,
1010 4128 1089 4173 eece
1110 4105 1247 4172 tetendit
1269 4105 1343 4172 iter:
1433 4102 1436 4109 ’

510 4214 626 4281 Prisoa
647 4223 758 4282 tenere
780 4222 910 4304 petrum
932 4213 1072 4303 vestigia
1094 4221 1180 4300 noto,
1202 4210 1326 4299 relicte,

565 4321 664 4389 Invia
685 4345 768 4411 quse
790 4322 833 4387 ad
856 4329 965 4389 sontes
988 4321 1105 4389 semita
1127 4320 1219 4389 duoit
1241 4343 1346 4409 egros.

514 4589 622 4644 ι(Σοιιι.
640 4589 694 4646 349
716 4614 741 4637 ι-
764 4607 816 4644 ou.
835 4590 889 4646 276
913 4607 975 4645 eum
999 4591 1051 4644 hoe
1075 4591 1165 4642 titulo:
1193 4589 1385 4658 ,Epitaphium
1408 4587 1487 4642 Gallo
1507 4589 1556 4640 vel

408 4681 529 4734 Kurok⁸.

515 4767 623 4821 'Corn
642 4768 766 4821 exhibet:
785 4768 953 4837 fugiensque.
