4109 5767
1054 277 1133 314 rm!
1152 276 1238 314 ΙΟῙΙΙΙ

1411 348 1722 372 ======

1130 558 1171 624 V.

1033 687 1065 737 in
1084 688 1245 752 astrologos
1254 687 1272 738 ¹.

687 793 789 859 Astra
810 792 924 860 iubant
947 793 1046 861 oartis
1068 792 1151 859 nihii
1175 794 1342 882 inceptare
1365 792 1493 861 diobus:

743 900 816 969 Hoo
839 901 982 969 mandax
1004 901 1125 993 populo
1146 903 1306 993 praeoipit
1328 903 1519 992 astrologus.

687 1010 862 1077 Astrorum
884 1020 1000 1078 eontra
1023 1012 1194 1099 Dominus,
1217 1022 1370 1100 regnator
1392 1001 1526 1103 oiy'mpi,

741 1116 824 1184 Vult
845 1116 933 1184 bona
954 1141 1014 1183 nos
1037 1118 1126 1184 horis
1149 1120 1301 1185 omnibus
1324 1120 1477 1208 inoipara

629 1246 657 1291 u.
686 1225 787 1291 Astra
808 1224 884 1293 hoo:
907 1235 1069 1291 astrorum
1092 1227 1256 1293 Dominus
1279 1226 1371 1293 iubet
1392 1226 1484 1293 illud.
1506 1226 1583 1292 Utri
1608 1250 1672 1293 nos

741 1330 900 1398 Paternus
912 1338 933 1419 ¹,
956 1334 1071 1419 sorvis,
1094 1334 1263 1421 astrologo,
1286 1356 1329 1400 an
1351 1332 1520 1400 Domino?

1125 1527 1183 1595 VI.

1059 1658 1092 1707 ln
1110 1658 1225 1707 eoadem
1234 1652 1252 1707 ⁸.

689 1758 747 1826 Nil
769 1758 894 1847 dieunt,
917 1770 951 1827 et
973 1784 1033 1827 vos
1057 1762 1188 1827 mentiri
1211 1762 1328 1848 oogitis
1352 1770 1453 1843 astra3

744 1865 814 1931 Vos
838 1888 912 1953 non,
935 1865 993 1930 illa
1016 1866 1122 1933 lovum
1146 1866 1314 1954 deripiunt
1337 1864 1501 1954 populum.

1115 2058 1193 2127 VII.

950 2189 983 2239 Io
1002 2190 1177 2254 astrologum
1196 2186 1361 2254 quendam⁴.

692 2294 866 2361 Humanae
888 2306 1008 2361 metum
1032 2296 1120 2363 vitae
1143 2294 1339 2382 praescribis
1362 2292 1405 2361 ab
1428 2294 1534 2379 astris,

744 2402 819 2467 Non
841 2402 1016 2469 intellectis
1040 2403 1098 2469 sad
1121 2425 1226 2491 nsque
1248 2402 1415 2487 vsridiois3

690 2509 841 2575 Mentiris
864 2532 1001 2598 semper,
1023 2522 1057 2578 to
1079 2510 1200 2577 fallunt
1223 2510 1331 2576 sidera
1355 2530 1495 2597 semper:

745 2617 824 2683 Vita
846 2617 945 2684 huius
968 2620 1109 2705 brevior,
1132 2617 1260 2706 longior
1282 2616 1381 2683 huius
1404 2626 1483 2683 arat.

632 2746 659 2791 s.
689 2726 760 2811 vis,
782 2748 848 2814 qua
870 2724 1022 2794 divinare
1044 2749 1145 2814 quous
1168 2726 1301 2813 rationo,
1323 2724 1443 2811 donari,

745 2833 796 2900 Ns
818 2833 922 2899 falsus
944 2844 1037 2900 vatos
1061 2834 1190 2922 saepius
1213 2832 1374 2900 ambesa?

687 2940 777 3007 Illud
801 2941 868 3008 faor
890 2963 1104 3031 quaecuuque
1127 2941 1187 3008 tibi
1210 2940 1400 3029 proadiosra
1422 2938 1553 3007 saulum

744 3048 864 3114 Visum
887 3050 958 3135 orit,
980 3048 1052 3136 hoo,
1075 3048 1161 3136 quod
1184 3071 1258 3115 eras
1281 3048 1390 3114 diuers
1413 3056 1525 3114 suetus
1551 3046 1670 3134 „orit“‚

694 3155 788 3243 „Non
810 3156 874 3221 orit
894 3155 976 3222 hoo“
1002 3155 1104 3223 dicas.
1132 3155 1308 3243 Nunquam
1331 3164 1364 3220 ta
1386 3164 1533 3241 tempora
1556 3152 1700 3240 sallont3

611 3286 659 3329 ro.
747 3262 859 3348 Vates,
882 3272 914 3328 ta
937 3274 1051 3328 oontra
1073 3261 1184 3348 dioito,
1207 3284 1306 3328 verus
1328 3262 1402 3328 oris.

692 3368 904 3456 Astrologum
926 3392 1004 3435 nam
1026 3370 1083 3457 qui
1106 3370 1238 3435 mentiri
1262 3369 1392 3456 dixerit,
1414 3366 1471 3434 illo

741 3475 803 3540 Est
825 3498 925 3542 verus
948 3487 1041 3543 vatos
1062 3498 1161 3542 vomo
1183 3485 1217 3541 at
1239 3474 1431 3563 astrologus.

694 3760 703 3792 ¹
723 3763 801 3816 eorus
820 3762 856 3816 79
874 3779 913 3830 sq.

694 3850 706 3882 ¹
723 3853 767 3905 Sia
786 3853 814 3903 in
833 3869 881 3904 ms.

695 3940 707 3973 ⁸
724 3944 791 3998 lbid.

695 4034 706 4066 ⁴
724 4036 802 4087 Corn.
821 4034 857 4089 38
876 4053 915 4104 sq.
944 4037 1019 4088 coni.
1040 4052 1084 4103 με.
1103 4032 1247 4100 424,4,1.
