4109 5767
663 802 713 853 Lll
1157 816 1312 850 rainnero.

663 1012 850 1078 eanonico“.
874 1049 917 1059 —
941 1010 1201 1095 Manuscriptum
1225 1007 1321 1094 bunc,
1343 1031 1439 1095 quem
1463 1009 1616 1075 lenocius
1638 1010 1671 1073 in
1685 1007 1782 1074 biblio

661 1118 757 1185 thece
779 1118 945 1207 quondam
968 1116 1156 1183 selusciana
1178 1116 1359 1183 Varsoviae
1383 1116 1475 1203 vidit,
1507 1116 1696 1205 titulumque
1715 1117 1782 1201 eius,

663 1240 699 1294 ut
729 1250 829 1317 supra
860 1225 952 1314 dedi,
984 1226 1173 1314 descripsit,
1204 1248 1292 1292 nuuc
1316 1224 1494 1313 Potropoli,
1525 1249 1588 1314 quo
1619 1223 1783 1290 zaluseiana

662 1335 820 1403 translate
833 1347 916 1423 suut,
932 1334 1122 1401 delitescere
1134 1334 1312 1401 verisimile
1323 1348 1381 1401 est.
1397 1335 1547 1401 Alterum
1559 1356 1640 1422 opus
1652 1332 1784 1423 alloyaio

662 1447 768 1511 solute
790 1446 936 1511 oratione
959 1467 1046 1510 ranno
1070 1455 1141 1533 post
1163 1446 1376 1532 compositum
1401 1455 1498 1532 atqaie
1520 1466 1549 1509 a.
1575 1444 1659 1508 1563
1681 1440 1786 1509 Greco-

662 1556 736 1621 viae
760 1554 849 1643 typis
872 1551 996 1617 editum
1019 1554 1065 1616 its
1088 1551 1291 1618 inscribitur:
1326 1552 1538 1638 ,Decisiones
1568 1551 1657 1616 Petri
1687 1550 1786 1637 Royeii

661 1660 788 1724 Meurei
811 1658 1061 1745 Aloegnicensis
1092 1659 1174 1744 regii
1204 1657 1428 1724 iurisconsulti
1456 1656 1619 1722 derebus
1648 1658 1682 1720 ia
1705 1678 1789 1721 sacro

662 1765 824 1831 auditorio
838 1764 995 1829 lituanico
1011 1786 1053 1829 ex
1070 1762 1285 1852 appellatione
1300 1764 1461 1829 iudicatis.
1486 1762 1538 1829 Ad
1555 1760 1788 1850 sigismundum

663 1874 866 1959 Augustum,
894 1870 1047 1937 Poloniae
1069 1893 1195 1957 resera,
1226 1872 1405 1958 principem
1429 1871 1586 1958 optimum
1614 1870 1791 1933 arraximum.

662 1981 841 2049 Oracoviae
865 1979 1049 2046 excutiebat
1071 1978 1255 2043 blattbaeus
1279 1976 1519 2068 Siebeneyelrer
1534 2000 1620 2043 anrro
1640 2001 1660 2042 a
1674 1975 1792 2042 Christo

661 2090 734 2155 Deo
757 2097 924 2153 servatore
947 2100 1023 2153 nato
1046 2089 1141 2153 tertio
1171 2100 1204 2152 et
1233 2088 1437 2173 sexagesimo
1467 2109 1566 2174 supra
1596 2085 1793 2151 millesimum

661 2207 694 2261 et
708 2196 1014 2283 quingentesimum,
1030 2216 1142 2259 mense
1156 2194 1283 2282 sprili“.
1306 2193 1388 2258 Inde
1404 2216 1424 2258 a
1439 2193 1584 2259 secunde
1598 2193 1675 2259 libri
1690 2194 1797 2259 charta

662 2326 765 2391 usqne
787 2301 829 2368 ad
854 2300 1061 2368 undecimam
1084 2302 1303 2389 proemittitur
1325 2301 1415 2389 operi
1438 2300 1576 2389 epistula
1606 2300 1647 2365 ab
1671 2311 1797 2365 auctore

662 2410 704 2478 ad
729 2434 840 2499 regem
872 2409 924 2475 die
951 2412 1021 2476 eius
1044 2408 1145 2474 natali
1169 2408 1271 2474 Vilna
1300 2432 1328 2474 a.
1354 2410 1440 2474 1562
1464 2408 1553 2494 data,
1584 2409 1737 2497 variaque
1758 2408 1798 2473 de

662 2521 743 2585 iuris
766 2520 926 2607 imprimis
947 2520 1072 2583 romoni
1097 2520 1297 2602 auctoritate,
1324 2516 1366 2583 de
1389 2540 1498 2583 rerum
1522 2514 1674 2582 Poloniae
1696 2516 1800 2604 publi-

663 2648 775 2692 carum
800 2626 991 2691 condicione
1014 2624 1118 2712 deque
1149 2626 1251 2715 ipsius
1282 2626 1425 2690 auctoris
1456 2647 1595 2713 persona
1625 2626 1801 2690 continens.

662 2734 850 2821 Sequuntur
872 2734 1014 2821 quinque
1045 2732 1226 2798 decisiones
1257 2733 1390 2797 totidem
1422 2732 1515 2798 libris
1545 2733 1719 2819 expositae.
1749 2730 1803 2795 Ad

662 2838 786 2905 calcem
809 2838 943 2905 additur
965 2837 1238 2925 locupletissimus
1261 2861 1372 2903 rernm
1394 2839 1505 2904 index.
1528 2838 1620 2925 Opus
1635 2837 1708 2922 hoo,
1730 2859 1805 2901 eru-

661 2946 783 3012 ditione
806 2944 948 3033 plenum,
971 2946 1123 3010 criticum
1146 2945 1227 3008 iuris
1250 2946 1390 3031 peritam
1415 2943 1586 3029 desiderat,
1609 2945 1806 3030 gravitatem

661 3065 769 3118 temen
801 3051 1089 3139 eructaritatemque
1120 3052 1189 3115 eius
1221 3050 1253 3115 id
1287 3050 1432 3116 indicare
1462 3051 1602 3136 videtur,
1636 3050 1723 3138 quod
1755 3050 1807 3114 bis

660 3174 781 3250 postea,
804 3162 945 3248 primurn
970 3159 1177 3225 l'rancofurti
1206 3159 1247 3223 sd
1271 3160 1315 3224 M.
1337 3184 1366 3224 a.
1391 3161 1478 3226 1570
1508 3158 1595 3246 apud
1626 3158 1808 3223 Martinam

661 3268 873 3355 Lecblcrum,
909 3266 1026 3333 deinde
1057 3279 1129 3355 post
1160 3278 1295 3332 mortem
1327 3267 1442 3357 Royzii
1477 3290 1505 3333 a.
1540 3268 1626 3332 1572
1658 3266 1811 3333 Venetiis

661 3376 746 3465 optud
772 3374 1055 3441 llartboloraacunr
1079 3375 1246 3440 Bullinum
1269 3398 1427 3441 excusum
1448 3388 1505 3439 cst.
1528 3374 1617 3457 (liud
1635 3398 1714 3440 voro
1732 3397 1812 3438 erin-

661 3483 746 3553 serat
769 3485 810 3551 sd
834 3484 992 3551 iudiciuin
1016 3486 1058 3551 de
1081 3484 1282 3551 humanitate
1305 3484 1518 3573 doctrinaque
1542 3484 1656 3574 lloyeii
1684 3482 1814 3549 eruisti·

660 3594 827 3679 tuendum,
849 3595 938 3659 inire
960 3604 1054 3682 parte
1077 3596 1225 3682 proxima
1247 3594 1418 3660 adnotabo.

768 3703 904 3768 Restant
927 3704 1075 3767 carmine
1097 3725 1118 3767 s
1139 3702 1263 3792 Royzio
1282 3704 1316 3766 in
1333 3702 1467 3767 Polonie
1483 3702 1613 3789 scripte,
1636 3724 1724 3789 quse
1742 3699 1816 3765 sola

661 3810 723 3877 bac
751 3810 892 3877 editione
923 3821 1121 3897 repetuntur.
1161 3811 1283 3874 Eorum
1314 3811 1472 3875 minorem
1503 3820 1628 3896 partem
1659 3809 1816 3898 Royzius

662 3919 750 4007 typis
766 3917 945 4003 evulgavit,
969 3917 1071 3983 multo
1087 3918 1241 3982 maiorem
1259 3940 1354 3982 urrann
1372 3916 1476 3982 solum
1493 3919 1649 4005 scriptam
1665 3916 1816 4004 reliquit.

661 4024 765 4113 Typis
796 4024 956 4089 editorum
988 4024 1099 4089 titulos
1130 4023 1409 4111 condicionesque,
1440 4026 1592 4111 quoniam
1623 4026 1656 4087 in
1691 4023 1816 4111 polone

663 4152 734 4194 mea
750 4130 791 4195 de
806 4130 930 4219 Royzio
945 4127 1173 4195 dissertatione
1188 4132 1292 4212 (Creo.
1311 4132 1406 4216 1897,
1423 4154 1474 4217 pg.
1484 4130 1525 4222 88
1536 4153 1641 4217 sqq.=
1652 4131 1721 4195 128
1733 4132 1816 4218 sqq}

662 4248 814 4301 accurate
838 4236 995 4325 descripsi
1018 4260 1129 4324 eaque,
1152 4258 1235 4323 quae
1259 4238 1401 4301 maxime
1423 4237 1465 4300 ed
1489 4260 1559 4301 rem
1577 4238 1750 4323 pertinere
1767 4237 1816 4302 vi·

662 4341 788 4428 dentur,
820 4343 917 4407 etiam
940 4341 1002 4407 boo
1025 4341 1110 4407 libro
1136 4345 1255 4430 partim
1288 4365 1387 4429 supra
1417 4346 1451 4407 in
1482 4345 1571 4409 vitae
1601 4343 1726 4430 Royzii
1762 4342 1816 4407 de·

663 4450 848 4535 scriptione,
864 4450 982 4536 partim
997 4450 1032 4514 in
1044 4449 1307 4515 adnotationibus
1318 4449 1406 4513 infra
1421 4448 1508 4514 edito
1523 4460 1614 4515 textu
1630 4448 1816 4535 eelscriptir

662 4555 789 4619 idoneis
812 4554 893 4619 loeis
916 4554 1067 4641 exhibui,
1097 4555 1253 4620 hocloco
1277 4566 1419 4643 repetere
1443 4577 1733 4643 supervacaneum
1762 4578 1814 4642 pu

662 4662 739 4727 tavi.
778 4660 867 4725 Illud
897 4682 1011 4726 moneo
1043 4684 1062 4726 a
1093 4662 1217 4752 Royzio
1248 4663 1324 4727 inde
1355 4664 1396 4728 ab
1428 4684 1455 4728 e.
1482 4664 1567 4728 1543
1599 4660 1641 4727 ed
1664 4684 1698 4726 a.
1733 4663 1816 4726 156Ϊ

662 4768 920 4857 quattuordecim
945 4768 1136 4858 plerumque
1160 4772 1282 4835 maiora
1305 4772 1452 4836 carmina
1475 4793 1619 4835 seorsum
1644 4771 1679 4834 in
1704 4768 1816 4834 lucen

662 4898 733 4943 esse
757 4878 856 4941 missa
879 4875 940 4941 hoo
964 4877 1033 4942 sere
1056 4878 1209 4965 temporis
1232 4878 1358 4945 ordine:
