4109 5767
923 787 1097 824 urrerem.
1511 768 1584 839 299

547 966 686 1052 Serv'are
708 981 966 1050 exutoe'vinelie
988 989 1022 1048 et
1044 981 1200 1070 eompede
1221 989 1339 1068 renue,
1438 973 1442 981 ’

600 1090 760 1173 eremvir
782 1089 934 1157 maiestas
957 1087 1046 1155 luere
1068 1089 1119 1175 eit,
1141 1088 1197 1157 ille
1219 1090 1345 1179 potest?
1362 1127 1408 1142 -
1430 1099 1543 1179 potest

487 1221 513 1265 e.
545 1198 677 1265 Liberat
699 1220 775 1288 ergo
797 1219 871 1264 reos
893 1197 1005 1286 poeuis
1027 1196 1127 1263 berun
1149 1196 1213 1283 ille,
1235 1196 1400 1264 tulberue?

599 1307 652 1371 An
674 1306 728 1370 ius
749 1305 785 1372 in
806 1304 895 1393 leger
917 1327 1012 1371 omne
1035 1303 1179 1370 bulherur
1200 1302 1320 1370 hebet?
1341 1341 1386 1352 —
1408 1302 1516 1370 babet.

546 1411 639 1492 Quae
661 1426 759 1498 meret,
786 1434 869 1500 quae
891 1409 987 1477 tellus
1011 1410 1083 1496 sert,
1112 1431 1197 1497 quae
1219 1409 1283 1474 fert
1303 1407 1434 1476 lueidue
1457 1407 1582 1495 aether,

599 1518 760 1588 Omnibus
781 1519 843 1605 his,
865 1517 921 1584 illo
943 1518 999 1606 qui
1023 1525 1120 1603 earet,
1143 1515 1198 1583 ille
1221 1516 1330 1583 earet?
1346 1553 1391 1564 -
1412 1524 1510 1583 earet

548 1627 640 1694 liaeo
662 1625 774 1695 eudem
799 1625 899 1714 dives,
922 1627 978 1715 qui
999 1624 1058 1692 illo
1080 1633 1113 1692 et
1135 1645 1325 1691 nummerue
1347 1622 1502 1709 abundet,

468 1758 514 1803 ro.
598 1735 648 1805 Sit
668 1735 746 1804 licet
767 1737 802 1804 in
826 1735 921 1802 foedo
944 1733 1069 1802 terniue
1092 1743 1197 1821 nutus,
1219 1731 1338 1801 babet?
1359 1769 1405 1781 -
1427 1729 1536 1799 hebet

979 1929 1042 1994 HL
1316 1987 1319 1991 .

543 2051 691 2118 Dextera
711 2051 889 2138 pasquilloe
912 2051 1034 2137 scribit,
1056 2074 1156 2138 quem
1178 2051 1338 2138 stringere
1360 2049 1471 2135 durae,

597 2156 632 2224 Si
655 2155 734 2244 quid
757 2157 831 2222 iure
852 2155 972 2242 velent,
994 2155 1174 2222 debuerant
1196 2155 1353 2221 meuieee

545 2263 748 2350 Legetesque
770 2262 850 2349 petit
873 2263 1001 2352 scripto.
1032 2264 1097 2329 Per
1119 2283 1252 2350 pereere
1274 2262 1410 2328 dextrae
1431 2269 1491 2346 ert,

599 2367 690 2449 Quos
713 2369 812 2433 ermis
835 2369 936 2457 petiit,
959 2369 987 2434 ri
1009 2376 1099 2457 petet
1121 2376 1154 2434 et
1176 2367 1310 2435 eelemo.

903 2569 1115 2577 -.———

608 3139 611 3146 .
678 3081 739 3142 De
770 3078 924 3142 diviua
958 3077 1001 3140 in
1031 3077 1337 3141 Dantircnuoe
1422 3122 1425 3129 -

758 3199 792 3252 ob
811 3200 913 3252 luerem
931 3199 1101 3252 maiestatem
1112 3197 1257 3253 unum&

540 3330 645 3416 Regia
667 3331 827 3397 Deutieee
849 3331 1001 3397 maiestas
1023 3329 1113 3397 laese
1134 3331 1289 3420 pepercit,

597 3434 775 3500 Infandum
798 3445 854 3501 eut
876 3458 942 3502 nou
965 3446 1014 3502 est
1036 3436 1194 3503 beeteuur
1216 3436 1287 3503 ulte
1308 3437 1411 3503 neser.

396 3553 398 3556 ’
542 3539 606 3607 Seu
630 3536 721 3606 mere
742 3540 907 3609 vindictae
930 3550 988 3628 est,
1010 3541 1464 3632 eive'iudulgentie'poeuee,

596 3647 668 3714 Hoe
692 3647 794 3714 ultrix
816 3649 894 3715 iusti
916 3671 982 3716 non
1005 3649 1081 3716 tulit
1103 3650 1153 3716 ire
1174 3649 1249 3716 Dei.

483 3775 508 3820 e.
539 3755 629 3844 Ergo
651 3765 718 3822 tote
739 3757 835 3845 gravi
859 3757 1036 3847 complevit
1057 3755 1186 3825 meeuia
1208 3756 1305 3825 tubo:¹

547 3871 550 3877 '
594 3861 721 3930 Iudicio
743 3863 825 3932 baec
847 3864 972 3932 Divum
994 3876 1044 3932 est
1066 3888 1170 3955 poene
1193 3875 1304 3933 eeeute
1325 3889 1407 3934 reor.

540 3963 671 4036 Perfida
692 3993 782 4058 gens,
804 3973 891 4060 regis
914 3995 998 4061 quae
1020 3973 1127 4041 ediete
1148 3973 1290 4062 pendere
1311 3972 1425 4061 legum

594 4075 762 4144 Debuerat
783 4101 912 4166 poenus,
934 4079 1110 4167 peetilitete
1132 4079 1229 4146 eadit
1258 4079 1263 4090 ‘
1295 4081 1299 4085 ’

540 4181 687 4249 Desertie
709 4184 797 4251 eires
820 4185 942 4274 passim
964 4185 1169 4252 tumulentur
1191 4186 1226 4252 in
1248 4187 1345 4274 egris,

460 4309 507 4355 ιο.
589 4288 692 4357 Nulla
714 4289 931 4359 cadaveribus
954 4301 1001 4359 tot
1023 4293 1169 4360 Libitine
1191 4303 1243 4360 rat
1265 4301 1323 4360 eet.

424 4401 431 4412 “
540 4397 648 4484 Hune,
669 4397 747 4466 lieet
768 4399 923 4489 indignis,
945 4400 1061 4467 tribuit
1082 4401 1175 4469 Deus
1198 4399 1285 4468 ultor
1305 4398 1471 4488 honorem,
1543 4477 1547 4484 Ι

592 4503 760 4596 Supplieio
782 4529 893 4597 regem
916 4505 995 4573 dum
1017 4508 1123 4599 praeit
1144 4508 1214 4598 ipse
1236 4530 1306 4574 ruo.
1559 4495 1562 4499 ¹

543 4752 552 4784 ¹
616 4770 656 4806 m.
791 4795 797 4808 .
822 4779 846 4802 ι
870 4774 921 4812 ore.
947 4757 992 4812 te.
1018 4760 1097 4812 Haeo
1120 4759 1216 4813 reterri
1239 4759 1365 4812 ridentur
1392 4759 1427 4811 ul
1451 4776 1477 4811 ι
1504 4756 1581 4813 1869
