4109 5767
905 784 1062 821 rasararro.
1479 771 1556 822 nvn

848 866 1152 875 ......,........,..-..-
1190 854 1207 873 '5
1233 855 1242 876 ἶ

412 988 504 1043 tosvs
528 978 742 1065 componebat
764 983 795 1043 et
818 976 998 1065 supplebat,
1022 978 1067 1043 ita
1092 988 1127 1042 ut
1148 976 1280 1065 quidum
1306 976 1380 1042 falsi
1404 977 1555 1064 genuinis

412 1083 550 1150 admixti
577 1084 609 1150 in
634 1083 779 1151 codicem
810 1084 880 1151 eius
910 1086 1101 1173 irrepserint
1130 1083 1229 1167 (conf.
1254 1084 1302 1170 ΙΙ,
1325 1086 1400 1165 220,
1423 1083 1498 1149 adn.
1521 1087 1556 1166 23

415 1193 490 1278 240,
520 1191 595 1259 adn.
618 1196 652 1275 ὓς
675 1192 751 1280 488,
782 1191 856 1257 adn.
882 1194 922 1277 l).
960 1194 1054 1275 Quae
1077 1214 1152 1258 cunr
1181 1193 1227 1257 ita
1253 1201 1377 1276 essent,
1409 1191 1556 1257 ordinem

415 1301 636 1389 rationemque
660 1300 828 1368 codicibus
851 1300 1006 1367 traditam
1031 1300 1122 1389 sequi
1145 1301 1179 1365 in
1203 1298 1266 1367 bac
1288 1299 1430 1366 editione
1452 1321 1557 1387 neque

414 1406 530 1493 debui,
562 1430 666 1495 neque
688 1408 794 1495 potui,
826 1409 1014 1496 praesertim
1039 1430 1113 1475 curn
1138 1417 1281 1473 exstaoet
1311 1408 1413 1494 ipsius
1441 1406 1556 1496 Royzii

415 1514 634 1581 testimoninm
659 1514 700 1581 de
723 1513 817 1581 libris
840 1538 972 1580 snorum
997 1515 1277 1603 epigrammatum,
1299 1514 1355 1603 qni
1380 1514 1413 1579 in
1437 1514 1557 1579 nostris

415 1620 508 1689 libris
532 1646 636 1712 neque
660 1646 795 1711 usqnunr
820 1623 1077 1711 distinguuntur,
1099 1645 1203 1712 neque
1226 1645 1301 1690 cum
1325 1620 1383 1688 illa
1406 1623 1439 1688 in
1456 1621 1557 1688 libros

415 1730 564 1800 Otiornnr
588 1731 749 1799 divisione
772 1742 848 1822 apta
878 1732 1002 1798 ratione
1033 1732 1180 1821 componi
1210 1732 1454 1819 consociarique
1485 1754 1559 1819 pos-

414 1850 499 1905 sunt.
538 1842 749 1927 Epigramma
773 1842 860 1907 enim
884 1839 926 1906 ad
950 1839 1166 1927 astrologum,
1197 1840 1361 1927 agricolae
1384 1837 1486 1904 filium
1514 1838 1556 1903 ad

415 1945 539 2011 calcent
563 1947 718 2012 carminis
741 1946 944 2011 tumultuarii
976 1945 1135 2011 adversus
1165 1944 1363 2031 astrologum
1394 1943 1556 2032 quendam

414 2050 503 2139 typis
526 2049 650 2116 editum
673 2052 712 2136 (Ι,
735 2053 810 2133 251,
834 2050 907 2115 adn.
925 2052 941 2115 1
960 2080 1003 2109 =
1019 2051 1065 2135 11,
1087 2052 1163 2135 428,
1183 2049 1257 2114 adn.
1273 2051 1307 2132 2)
1329 2051 1399 2137 ipse
1413 2049 1557 2137 Royziua

413 2155 585 2222 adnotavit
606 2180 648 2222 ex
673 2158 766 2222 tertio
783 2158 1064 2244 Epigrammntum
1081 2178 1215 2221 snorum
1230 2154 1315 2221 libro
1330 2154 1556 2242 depromptum

414 2286 494 2329 esso.
525 2263 570 2329 At
592 2264 626 2329 in
651 2262 742 2329 libris
766 2263 832 2329 iliis
855 2264 1002 2331 Otiorunr
1028 2262 1239 2350 manuscripti
1265 2261 1477 2347 auraicensis,
1501 2260 1557 2348 qui

415 2368 503 2435 aolus
525 2370 612 2439 hanc
634 2383 758 2459 partem
783 2370 937 2457 servavit,
960 2372 1168 2437 eontinentur
1190 2368 1331 2457 plurima
1354 2367 1559 2456 elegantissi-

415 2500 532 2565 maque
555 2479 798 2567 epigrammata
822 2500 904 2566 quae
928 2477 968 2543 ab
992 2476 1059 2542 illis
1083 2478 1365 2565 Epigrammatum
1390 2474 1483 2541 libris
1499 2474 1558 2539 vix

413 2584 529 2651 abesse
562 2594 743 2673 potuerunt.
786 2586 820 2653 Si
855 2586 930 2672 quis
964 2608 1043 2649 vero
1077 2583 1260 2670 suspicetur
1293 2581 1423 2648 eosdem
1457 2581 1559 2647 libros

414 2713 436 2755 a
458 2690 581 2779 Royaio
605 2690 658 2756 vel
681 2691 830 2758 Otiorum
854 2690 907 2756 vel
938 2691 1220 2777 Epigrarnmatum
1252 2690 1381 2754 nomine
1411 2711 1482 2754 esse
1508 2689 1559 2752 in·

416 2798 563 2883 scriptos,
594 2796 671 2865 huic
695 2797 890 2886 respondere
920 2795 1004 2883 licet,
1036 2795 1124 2862 idenr
1154 2794 1236 2861 iliud
1267 2797 1469 2884 epigramma
1499 2794 1558 2879 „In

416 2904 634 2991 astrolognrn“
661 2904 723 2987 legi
750 2906 780 2969 in
805 2928 844 2971 en
867 2914 957 2994 purte
983 2905 1150 2991 utriusque
1173 2902 1246 2969 libri
1272 2903 1499 2991 nranuaeripti,
1526 2911 1558 2968 et

416 3014 615 3079 cornioensis
638 3025 670 3080 et
692 3012 857 3100 «anselimi,
880 3038 962 3103 ‹pnw
986 3013 1133 3081 Otiornnt
1152 3012 1244 3079 libris
1260 3012 1388 3081 debitos
1403 3010 1558 3078 terminos

416 3123 527 3211 procul
553 3122 653 3191 dnbio
675 3124 821 3191 excedat.
860 3125 973 3212 lbupne
1000 3132 1033 3189 et
1056 3120 1271 3189 dubitandum
1295 3146 1360 3187 non
1383 3132 1448 3208 cst,
1478 3120 1558 3209 quin

416 3232 486 3319 ipse
505 3231 648 3321 Royaius
665 3232 810 3298 carmina
825 3254 885 3296 sua
900 3232 934 3296 in
951 3230 1090 3297 otiorum
1106 3232 1441 3318 epigraminatumque
1457 3228 1558 3294 libros

417 3338 612 3424 distinxerit,
635 3350 668 3405 ct
690 3340 816 3405 restitui
839 3362 910 3404 earn
936 3337 1130 3404 divisionem
1145 3338 1198 3403 his
1213 3338 1355 3419 auxiliis
1378 3336 1557 3425 quaemihi

417 3455 546 3531 praesto
561 3447 635 3531 sint,
658 3467 723 3511 non
738 3469 833 3533 posse
849 3456 973 3510 certum
989 3444 1102 3510 babeo.
1125 3444 1254 3523 Quibus
1271 3444 1436 3510 decausis
1452 3466 1556 3507 meam

414 3550 458 3615 ad
482 3573 590 3617 rarum
615 3552 741 3640 copiam
765 3550 1087 3637 diversissimamque
1109 3559 1258 3614 naturam
1279 3548 1557 3615 accommodatam

416 3658 585 3742 rationem,
607 3680 672 3745 qna
694 3680 772 3745 prae
795 3658 910 3723 ceteris
935 3657 1157 3744 perspicuitati
1181 3655 1383 3721 consuluisse
1406 3678 1457 3721 me
1481 3677 1559 3721 eon-

416 3762 490 3847 fido,
514 3766 547 3829 in
571 3762 707 3829 edendis
729 3764 780 3828 his
805 3764 1005 3829 carminibus
1029 3772 1160 3828 secutus
1184 3786 1265 3828 snm.
1288 3764 1439 3830 Ceterum
1460 3762 1559 3827 etiarn

417 3878 607 3957 temporum,
639 3870 756 3956 quibus
780 3868 910 3956 singula
933 3869 1057 3956 scripta
1079 3880 1163 3953 aunt,
1192 3878 1350 3955 quantum
1382 3869 1463 3933 ratio
1486 3889 1559 3932 mea

417 3976 602 4063 patiebatur
624 3987 657 4041 et
680 3976 796 4041 idonea
818 3976 1003 4041 testimonia
1034 3973 1086 4040 vel
1117 3972 1240 4039 indicia
1270 3975 1494 4061 suppetebant,
1525 3974 1558 4038 in

417 4082 610 4149 ordinandis
633 4081 833 4149 carminibus
855 4082 994 4169 respexi.

685 4458 732 4516 vt.
760 4457 868 4529 noym
890 4456 1036 4515 earmina
1055 4455 1284 4515 aestimantur.

525 4620 578 4687 Ad
602 4622 715 4709 ltoyzii
740 4622 887 4687 earmina
909 4621 1095 4686 accuratius
1118 4618 1321 4684 aestimanda
1344 4620 1409 4683 iam
1429 4616 1560 4683 accedo.

418 4726 468 4791 Ea
490 4726 623 4815 expient
645 4726 832 4815 quindecim
858 4726 925 4793 fore
949 4725 1075 4791 milium
1106 4736 1138 4790 et
1160 4736 1379 4791 trecentorum
1404 4746 1558 4790 versuum

344 4861 351 4875 ·
417 4855 600 4918 numerum,
627 4834 682 4919 qni
706 4834 765 4899 etsi
790 4832 885 4919 longe
909 4833 1000 4899 abest
1023 4832 1065 4897 ab
1088 4832 1153 4896 illis
1178 4830 1282 4897 Filelfi
1307 4854 1461 4897 versuum
1485 4854 1559 4921 my·
