4109 5767
1468 767 1587 818 xxm

443 842 554 861 7—-
609 845 941 853 —----—-..-·----—..-
1249 847 1273 868 ⁵:
1306 849 1311 854 .
1352 847 1391 855 .-.
1430 849 1563 861 Μ

384 976 388 985 ’
445 964 479 1029 iu
503 964 661 1052 perfidum
684 964 929 1032 Gedunensium
960 967 1074 1035 urbem
1099 976 1222 1054 pestem
1244 990 1382 1056 gravem
1404 970 1590 1039 demisisset

446 1071 484 1157 (I,
508 1072 708 1156 298-300).

551 1176 658 1243 Alteri
680 1177 834 1266 legationi
858 1177 999 1246 Lublino
1022 1179 1141 1246 missae
1163 1178 1252 1246 haud
1275 1202 1378 1269 secus,
1401 1204 1499 1271 quam
1522 1182 1590 1272 pri-

446 1304 527 1370 mae,
558 1284 701 1372 praefuit
730 1284 913 1353 Stanislaus
936 1285 1140 1352 Oarncovius
1163 1285 1387 1375 Royaiumque
1408 1286 1523 1355 habuit
1544 1289 1588 1355 sd

443 1388 518 1453 iura
540 1388 784 1477 interpretanda
805 1388 1036 1478 reddendaque
1057 1388 1253 1461 adiutorem..
1271 1391 1363 1458 Inter
1384 1402 1509 1459 ceteros
1527 1393 1588 1460 ad·

444 1492 533 1559 ditus
563 1503 613 1561 est
643 1494 741 1561 etiam
764 1494 886 1585 Oespsr
908 1494 1092 1563 Gescsvius
1115 1497 1312 1583 (lesoavins,
1334 1496 1502 1586 Jesohke),
1531 1500 1589 1589 qni

444 1599 626 1689 legaturum
649 1601 756 1669 edicta
778 1602 1030 1671 Gerlanousibus
1053 1626 1210 1693 germana
1229 1603 1343 1693 lingua
1357 1607 1586 1695 interpretare-

447 1720 510 1775 tur.
533 1710 567 1777 Is
590 1733 628 1777 eo
651 1720 795 1799 tempore
816 1712 925 1779 Iocae
948 1710 1103 1779 defuneto
1126 1712 1161 1778 in
1184 1711 1312 1780 abbatis
1334 1712 1490 1781 clivensis
1516 1738 1589 1781 mu·

444 1840 523 1885 nore
554 1820 728 1906 successit,
765 1842 863 1909 quam
899 1842 965 1887 rem
1000 1820 1145 1911 Royaius
1179 1822 1379 1889 carminibus
1413 1824 1588 1889 memoriae

446 1924 615 1991 mandevit
636 1926 675 2013 (Ι,
698 1929 764 1994 275
787 1950 842 2016 sq,
866 1930 909 2015 ὃ),
932 1928 1030 1994 sicuti
1046 1929 1144 1995 etiam
1160 1926 1226 1994 alia
1240 1930 1364 2017 primae
1379 1929 1586 1997 secundaeve

444 2030 627 2119 legationis,
650 2032 821 2101 versiculis
851 2044 1042 2122 prosecutus
1071 2045 1120 2101 est
1143 2035 1187 2121 (I,
1214 2036 1413 2120 tto-ate).
1450 2037 1589 2125 legatio

445 2146 514 2201 tum
546 2138 611 2203 iam
643 2140 714 2206 siue
744 2139 811 2205 nlla
842 2141 1050 2207 cunctatione
1079 2162 1100 2205 a
1126 2140 1377 2207 Gedanensibus
1406 2142 1441 2208 in
1472 2140 1588 2209 urbem

445 2256 576 2333 recepta
606 2234 649 2311 ud
679 2268 732 2313 res
756 2246 995 2337 componendas
1018 2245 1172 2313 kalendis
1194 2246 1423 2315 decembribus
1445 2271 1474 2314 a.
1498 2250 1588 2317 1569

443 2353 592 2419 accessit
608 2355 659 2420 Ac
674 2354 817 2442 primum
831 2356 1019 2443 quaestione
1034 2355 1182 2421 instituta
1197 2354 1408 2423 Gedaneuses
1424 2356 1466 2422 de
1480 2354 1589 2425 laesae

446 2459 624 2525 maiestatis
653 2460 799 2547 crimine,
829 2460 916 2550 quod
947 2462 1148 2528 commisisse
1177 2462 1284 2550 primo
1312 2459 1476 2550 legatione
1505 2464 1588 2530 urbe

443 2563 608 2653 prohibita
630 2577 707 2632 sunt
728 2566 881 2654 indicati,
904 2566 947 2633 ad
969 2568 1057 2655 regis
1079 2568 1182 2656 ipsius
1206 2566 1413 2633 clementiam
1435 2567 1586 2656 relegan-

444 2680 509 2756 tur,
531 2670 651 2737 deinde
674 2672 745 2738 iure
760 2674 859 2759 regio,
881 2695 945 2760 quo
962 2672 1040 2737 urbs
1055 2682 1230 2759 teneretur,
1252 2664 1406 2738 accurate
1424 2672 1589 2761 explicato

446 2785 543 2864 atque
566 2775 707 2863 delinito,
735 2779 939 2865 conscriptae
962 2787 1039 2843 sunt
1060 2776 1315 2844 concedentibus
1337 2776 1590 2845 Godanensibus

447 2882 692 2951 constitutiones
704 2881 915 2973 illae,quibus
924 2906 1000 2949 mox
1009 2906 1126 2949 nomeu
1135 2883 1370 2951 Oarncovisnis
1378 2882 1519 2949 inditum
1530 2894 1590 2951 est.

553 2989 712 3079 Prospere
734 2990 929 3080 compositas
953 3013 1005 3057 res
1028 2990 1172 3081 Royzins
1196 2989 1301 3058 laetus
1323 2990 1418 3056 novis
1434 2990 1590 3057 carmini-

447 3092 509 3161 bus
543 3096 730 3165 eelebravit.
768 3098 959 3185 Oamcovio,
993 3120 1090 3185 quem
1124 3099 1312 3187 episcopum
1343 3098 1422 3165 urbs
1452 3098 1589 3166 Lutlreri

448 3200 615 3271 doctrinae
637 3203 749 3271 dedita
770 3227 947 3292 agnoscere
969 3203 1126 3271 noluisset
1148 3207 1265 3294 cuique
1288 3228 1392 3294 nuper
1410 3217 1589 3272 contumax

446 3319 557 3397 portas
580 3310 760 3399 clausisset,
783 3334 871 3379 nnnc
893 3310 996 3378 iudici
1017 3313 1172 3402 regioque
1187 3335 1297 3378 rernm
1313 3335 1447 3378 suarum
1466 3312 1593 3379 arbitro

447 3417 556 3484 fasces
586 3416 776 3485 submittere
805 3441 877 3485 esee
909 3428 1054 3485 coactam
1086 3418 1255 3507 praedicat
1283 3420 1420 3507 (1‚300
1443 3442 1499 3508 sq,
1523 3420 1589 3505 lt),

447 3524 580 3591 domum
602 3524 672 3613 regi
703 3524 997 3593 aGedaneusibus
1027 3524 1101 3614 plus
1131 3535 1262 3592 centum
1292 3526 1388 3592 annis
1417 3534 1493 3592 ante
1515 3548 1592 3615 pro-

448 3632 580 3699 missam
604 3655 666 3700 nce
689 3630 798 3699 adhuc
819 3631 930 3698 datam
954 3631 1134 3699 seeundum
1158 3632 1367 3699 condiciones
1393 3633 1590 3720 compositas

447 3762 517 3807 esse
548 3762 736 3807 concessam
767 3738 949 3827 gratulatur
979 3740 1025 3827 (I,
1056 3741 1144 3827 302),
1177 3763 1296 3807 novam
1328 3740 1590 3807 constitutionem

447 3846 521 3913 urbi
545 3846 655 3913 datam
677 3848 747 3935 regi
771 3846 1013 3936 approbandam
1038 3846 1305 3933 commendat(1,
1328 3847 1393 3914 303
1416 3851 1484 3936 sq).

554 3953 594 4018 In
618 3954 758 4019 comitiis
780 3953 1047 4019 ramesiensibus
1069 3975 1099 4020 a.
1122 3955 1210 4019 1570
1232 3976 1260 4019 a
1283 3952 1315 4018 d.
1337 3953 1388 4018 IV
1403 3951 1470 4019 kal.
1492 3952 1591 4019 iulias

447 4058 545 4138 (cons.
568 4058 612 4134 IL
638 4061 700 4125 lb'l
725 4082 781 4146 sq,
804 4060 859 4141 54)
890 4060 1092 4127 Oarnoovius
1115 4060 1272 4124 rationem
1296 4081 1406 4123 rerum
1430 4057 1591 4145 elegatis

447 4160 576 4228 Gedsni
599 4172 747 4229 actarum
761 4161 905 4230 reddidit
920 4163 1247 4250 constitutionemque
1263 4162 1337 4229 urbi
1353 4164 1588 4251 praescriptam

447 4268 657 4334 sanciendam
680 4270 855 4358 proposuit.
892 4268 964 4336 Rex
994 4268 1120 4353 legatos
1151 4292 1209 4357 pro
1239 4269 1399 4357 susceptis
1421 4266 1590 4335 laboribus

447 4372 657 4463 collaudavit
680 4375 850 4465 nuntiique
872 4376 906 4441 in
930 4376 1071 4443 comitiis
1094 4376 1283 4465 congregati
1305 4376 1430 4463 gratias
1451 4375 1499 4442 eis
1515 4398 1591 4463 ege-

446 4490 532 4547 runt
554 4482 680 4549 Eodem
703 4482 772 4549 lere
794 4492 938 4571 tempore
952 4482 1198 4551 Gedanensium
1214 4480 1314 4570 legati
1330 4483 1460 4549 veniam
1476 4506 1496 4547 a
1512 4504 1589 4569 rege

447 4589 612 4656 commissi
636 4590 784 4657 criminis
805 4591 984 4657 maiestatis
1009 4589 1117 4657 laesae
1135 4600 1265 4657 orantes
1281 4589 1506 4678 impetravere,
1528 4588 1591 4655 im-

446 4706 573 4785 petrata
595 4706 704 4764 minen
725 4699 823 4765 venia
852 4697 894 4765 de
917 4698 1146 4765 constitutione
1169 4698 1388 4765 carncoviana
1411 4697 1588 4784 conquesti,

445 4812 483 4867 ut
505 4804 624 4867 mutari
648 4813 763 4891 posset,
786 4803 947 4891 petebant.
970 4806 1045 4886 Qua
1067 4804 1109 4871 de
1132 4826 1232 4871 causa
1250 4827 1292 4870 ex
1307 4802 1431 4870 eisdem
1446 4803 1588 4869 comitiis
