4109 5767
738 607 807 677 310
1215 625 1292 661 ‘⁸2⁸¹
1312 625 1398 661 soem

739 695 857 706 -μ-
867 694 1132 704 ...μη-κω»..-
1142 695 1259 702 ..n-—
1273 694 1880 708 --—-.--—---·-—-—.-—-..-.-

844 819 1012 887 Praestitit
1034 841 1115 886 esse
1137 818 1201 885 Tui
1223 841 1303 908 prae
1325 817 1400 885 odio
1422 830 1455 886 to
1478 841 1620 910 praeque
1641 818 1769 909 pudore
1791 858 1836 870 —

845 927 935 1012 Quid
958 927 1094 996 eossus?
1117 965 1160 977 —
1183 949 1260 994 mox
1284 928 1318 992 in
1341 937 1441 994 tetras
1464 950 1526 1018 age
1548 927 1654 996 nonde
1675 928 1836 1016 tenebras,

846 1039 954 1128 Atque
976 1037 1145 1106 bominum
1169 1037 1279 1105 iurare
1301 1035 1414 1126 oeulis,
1438 1061 1480 1106 no
1504 1039 1649 1106 erastino
1671 1048 1783 1106 uerunt

742 1167 811 1216 rto.
843 1147 917 1215 linx
941 1159 973 1214 to
996 1146 1237 1216 rabambomlurn
1261 1149 1394 1215 iarnium
1417 1146 1544 1216 telluris
1567 1148 1667 1236 biatu,

845 1259 889 1325 Et
912 1261 1028 1327 vivum
1051 1259 1180 1350 stygiae
1202 1259 1416 1347 mergendum
1440 1261 1474 1325 in
1497 1270 1614 1348 stagna
1635 1257 1776 1348 paludis.

846 1364 971 1434 Saevus
995 1365 1054 1432 ubi
1077 1365 1239 1432 horrendo
1262 1377 1294 1432 te
1317 1364 1479 1433 Cerberus
1501 1365 1633 1432 hauriat
1653 1389 1710 1432 ora

845 1472 988 1559 Moxque
1012 1483 1132 1558 vomat,
1155 1473 1261 1538 suriae
1284 1473 1451 1560 excipiant
1473 1483 1506 1538 et
1528 1473 1631 1539 tristia
1654 1473 1767 1561 arinys
1779 1477 1799 1536 ¹.

846 1579 1042 1644 Laetifioam
1065 1577 1181 1644 Alecto
1204 1600 1225 1643 a
1248 1578 1364 1643 dextre
1387 1601 1407 1643 a
1429 1576 1588 1665 laevaque
1609 1578 1807 1665 Megaeram,

743 1704 812 1749 rte.
843 1685 947 1750 Noeta
969 1697 1067 1770 setes,
1090 1685 1153 1750 atri
1176 1694 1299 1750 statuat
1320 1681 1505 1749 dominator
1527 1685 1652 1770 evomi,

847 1792 989 1857 Aeterno
1013 1791 1055 1856 de
1077 1800 1110 1857 te
1132 1813 1216 1880 queo
1239 1801 1371 1855 sumant
1392 1801 1537 1880 tempore
1559 1813 1689 1879 penas,

845 1901 1016 1985 Aeternns,
1039 1898 1117 1964 olim
1141 1896 1268 1965 nullum
1291 1919 1373 1986 quas
1396 1900 1549 1965 terminet
1571 1919 1697 1965 aevum.

846 2009 934 2072 Ante
957 2006 1069 2072 oeulos
1092 2016 1156 2072 atet
1177 2005 1355 2093 'l'isipbone
1377 2004 1532 2093 dirosque
1555 2005 1708 2071 colubros

844 2112 996 2199 Intentot,
1020 2113 1166 2200 dureque
1191 2112 1303 2178 furens
1326 2114 1476 2177 aoeiuota
1499 2111 1629 2198 tlagello

743 2238 811 2283 reo.
840 2217 975 2284 Nullam
999 2228 1095 2285 noete
1117 2218 1187 2303 tibi,
1210 2217 1335 2282 nullam
1359 2217 1414 2283 det
1436 2217 1511 2284 luee
1533 2220 1685 2305 quietem,
1707 2255 1751 2266 —·

845 2323 883 2392 Si
904 2333 954 2390 est
976 2325 1046 2410 lux,
1069 2323 1161 2391 nulla
1183 2324 1305 2390 rubens
1329 2324 1386 2390 ubi
1410 2322 1518 2388 fundit
1541 2323 1666 2390 lumina
1688 2324 1771 2390 titan

844 2434 1089 2522 Perpetuaeque
1111 2431 1260 2500 habitant
1283 2433 1437 2498 tenebrae
1459 2453 1589 2519 noxque
1611 2453 1677 2497 una
1697 2433 1858 2520 parennis,

843 2540 888 2609 Ni
911 2563 1008 2630 quam
1033 2539 1103 2607 edit
1124 2539 1232 2606 lueern
1255 2551 1339 2606 tetro
1361 2539 1482 2606 anlens
1505 2538 1613 2606 sulfur
1636 2538 1742 2624 odore,

844 2649 936 2732 Quas
960 2648 1047 2716 solas
1069 2649 1218 2716 flammas
1243 2650 1275 2714 in
1299 2670 1437 2737 poenam
1459 2659 1583 2714 tartara
1605 2659 1734 2714 norunt.

742 2778 812 2824 ree.
843 2756 972 2826 Obvius
995 2757 1093 2823 Ixion
1115 2758 1225 2824 veniet
1247 2756 1305 2820 tibi
1329 2757 1474 2844 perfidus
1497 2757 1593 2842 ultro,

844 2867 919 2948 Qua
941 2864 1086 2950 volvere,
1108 2875 1179 2929 rota
1202 2862 1336 2946 oedena3
1359 2864 1419 2930 tibi
1442 2862 1600 2928 Tantalus
1622 2862 1728 2928 undas

843 2972 990 3038 Intactas
1012 2971 1114 3038 labris
1137 2984 1170 3038 et
1191 2992 1289 3060 poma
1311 2971 1444 3058 fugacia
1466 2970 1583 3058 tradet,

845 3081 1097 3170 Gonoednntqne
1120 3082 1188 3160 tibi,
1211 3104 1292 3169 quus
1316 3091 1433 3167 gretes,
1458 3079 1588 3148 ltelides
1611 3103 1718 3148 urnae

844 3190 1075 3277 Oeneaaeaque
1098 3188 1180 3256 alter
1201 3188 1359 3276 pendebit
1382 3211 1464 3275 rupe
1486 3188 1711 3270 Prometheum

742 3317 812 3363 ree.
846 3296 930 3364 Sons
953 3297 1030 3383 oris,
1052 3305 1220 3362 aeternnm
1243 3294 1338 3361 rodat
1361 3296 1416 3361 eui
1440 3297 1569 3362 viscera
1591 3295 1712 3364 vultur.

843 3405 975 3473 Aeaeae
999 3405 1058 3471 bas
1082 3428 1202 3493 parnas
1225 3405 1329 3473 inante
1352 3405 1432 3471 satis
1455 3427 1528 3471 osso
1550 3404 1683 3494 negabit

844 3513 989 3581 Orimine
1012 3535 1072 3601 pro
1095 3523 1197 3597 tant03
1219 3535 1341 3601 poenas
1364 3513 1546 3599 meditetur,
1569 3511 1690 3579 Aehati
1726 3563 1731 3574 .

843 3619 955 3706 Ourna
977 3621 1118 3685 maiores
1141 3641 1222 3708 opus
1245 3631 1302 3705 est,
1326 3620 1502 3707 auditaque
1524 3641 1692 3708 nunquam

844 3725 1021 3814 Supplicia,
1046 3737 1078 3791 et
1101 3728 1203 3817 stygii
1225 3727 1332 3796 Minos
1354 3737 1433 3791 trux
1455 3726 1578 3792 arbiter
1601 3728 1669 3792 oroi

741 3853 811 3900 raa.
841 3830 999 3900 Orudeles
1022 3844 1121 3900 nouat
1143 3833 1261 3900 studiis
1284 3833 1476 3900 ardentibus
1499 3835 1577 3918 iras,

844 3939 988 4008 Gnosius
1012 3941 1172 4008 nooeudat
1195 3944 1318 4008 socium
1343 3941 1614 4008 Rhadamanthus
1638 3952 1820 4028 utrumque,

843 4049 887 4114 lta
909 4047 1029 4135 quibus
1053 4050 1087 4114 in
1110 4059 1219 4114 sontes
1243 4058 1376 4114 steterat
1399 4047 1599 4114 eruciatibus
1622 4070 1734 4113 omnes

843 4154 989 4239 Saevire,
1012 4153 1134 4219 inferni
1156 4164 1313 4242 quotquot
1335 4165 1423 4220 tenet
1446 4154 1522 4220 aula
1545 4155 1692 4244 tyranni:

843 4259 1043 4325 Eumenides
1067 4261 1254 4328 vertentia
1278 4271 1364 4326 teet
1388 4261 1498 4327 feralis
1521 4262 1642 4351 erinye.

747 4567 750 4573 ,
844 4511 931 4566 ¹Non
950 4515 1017 4566 setis
1036 4521 1163 4566 aeeurnta
1188 4515 1273 4566 utitur
1296 4514 1339 4566 bis
1364 4514 1529 4578 nominibus,
1554 4513 1685 4580 siqnidem
1710 4513 1782 4564 suria
1806 4511 1878 4564 band

735 4602 824 4654 differt
843 4602 878 4656 ab
896 4605 981 4670 sriny.
