4109 5767
1176 706 1254 749 mm
1272 706 1360 750 noran

716 772 1187 795 zm*-

816 901 897 969 Fata
919 902 1160 993 sigismundum
1185 930 1303 997 regem,
1327 908 1474 976 crudelia
1497 908 1574 997 lata,

818 1010 966 1082 Invidere
988 1014 1057 1083 orbi
1080 1027 1112 1083 ct
1135 1016 1298 1085 sublatam
1321 1028 1424 1085 mnne
1446 1017 1559 1107 tulere,

760 1140 785 1187 a.
815 1120 933 1189 Vivere
955 1121 1090 1213 dignum
1113 1126 1190 1192 olim
1201 1132 1221 1215 ¹,
1243 1129 1339 1194 terris
1362 1129 1389 1194 si
1413 1127 1482 1194 lata
1505 1126 1681 1195 dedissent.

818 1228 905 1319 Rege
926 1230 1037 1299 orbata
1060 1257 1118 1301 suo
1140 1236 1318 1302 miscentur
1340 1238 1469 1303 moenia
1491 1234 1651 1323 Gracchi,

819 1338 861 1403 Et
882 1340 1036 1427 gravidus
1058 1340 1201 1409 lacrimis
1223 1344 1338 1431 ingene
1363 1345 1438 1411 ferit
1459 1344 1593 1411 aethera
1615 1343 1779 1432 planctus.

905 1446 992 1535 Rege
1014 1449 1126 1514 orbata
1148 1472 1206 1515 suo
1229 1449 1357 1515 caelum
1380 1452 1472 1516 Bona
1495 1450 1665 1539 questibus
1688 1448 1804 1536 implet

818 1549 954 1639 Coniux,
976 1552 1048 1641 lreu,
1070 1555 1135 1620 iarn
1157 1577 1223 1620 non
1246 1557 1380 1639 coniux3
1404 1556 1542 1643 spoliata
1564 1558 1692 1640 memte,

742 1673 786 1719 ιο.
816 1654 856 1720 In
877 1656 985 1723 viduis
1006 1658 1164 1747 plangens
1186 1661 1304 1745 stratis,
1328 1672 1416 1727 secat
1440 1660 1607 1749 unguibus
1630 1683 1697 1747 ora,

819 1760 885 1828 Ora
906 1785 1067 1854 gerraeqnc
1090 1766 1201 1833 ambas
1224 1777 1256 1832 et
1278 1769 1400 1856 rumpit
1423 1778 1554 1857 pectora
1577 1768 1699 1856 pugnis

819 1870 1027 1961 Dilaniatque
1049 1896 1183 1961 comam,
1206 1874 1361 1941 incusans
1383 1874 1596 1963 hominesque
1619 1875 1789 1963 Deosque:

820 1978 862 2042 Et
884 2000 966 2066 quae
988 1982 1077 2045 non?
1098 1980 1231 2047 Caelum
1255 1982 1473 2070 nequicquam
1496 1992 1632 2047 accusat
1655 1991 1687 2045 et
1711 1990 1809 2045 astra

819 2084 1023 2171 Ingeminant
1046 2097 1139 2153 natae
1161 2087 1320 2175 plauctus,
1344 2090 1514 2154 carissima
1538 2090 1651 2153 matris

742 2210 786 2254 aa.
815 2190 955 2277 Pignora
977 2191 1175 2281 deliciaeque
1198 2194 1307 2281 patris,
1334 2193 1414 2259 dum
1437 2195 1506 2260 vita
1529 2194 1691 2259 manebat.

819 2297 983 2364 Amissum
1006 2308 1129 2387 patrem
1152 2300 1214 2365 tria
1236 2300 1373 2386 virgini·
1397 2324 1454 2366 ora
1476 2302 1618 2367 Dianae:

820 2404 908 2470 lline
927 2402 1055 2495 Sophia,
1077 2406 1153 2473 inde
1169 2428 1306 2495 sequens
1321 2429 1411 2493 aevo,
1433 2406 1523 2473 haud
1538 2405 1726 2492 virtutibus,
1747 2406 1855 2489 Anna,

819 2512 961 2580 Ultimus
984 2526 1015 2581 ct
1038 2524 1148 2603 partus
1171 2537 1317 2601 magnac,
1339 2515 1525 2603 Catlrarina,
1548 2516 1703 2604 parentis,
1720 2552 1766 2561 —-

819 2622 899 2687 Tros
923 2634 1016 2691 nahae
1038 2623 1149 2711 lugent
1172 2624 1385 2712 lamentisque
1408 2626 1492 2691 atria
1515 2624 1687 2713 corripient

741 2750 788 2796 aa.
819 2729 886 2796 Ora
908 2731 1038 2797 madent
1059 2731 1276 2821 lacrimaeque
1299 2733 1391 2819 genia
1416 2731 1594 2798 volvuntur
1616 2731 1758 2817 obortae

821 2838 1031 2927 Luminaque,
1053 2839 1151 2905 iratas
1174 2849 1321 2927 poterant
1343 2862 1427 2927 quae
1450 2841 1579 2905 llectcre
1602 2838 1709 2904 Divos

820 2944 975 3033 Quaeque
997 2944 1219 3011 velut'stellae
1242 2944 1334 3010 vultu
1357 2947 1520 3012 emicuere
1543 2966 1667 3030 sereno,

819 3050 951 3118 Ploratu
974 3050 1075 3116 multo
1097 3063 1129 3117 ct
1151 3052 1358 3116 lacrimarum
1382 3052 1516 3117 flumine
1538 3062 1679 3139 turgent

862 3244 867 3252 ‚
911 3156 1011 3223 Faum
1034 3156 1110 3221 mali
1135 3158 1215 3222 uenti
1238 3156 1394 3245 paulatim
1415 3159 1440 3221 it
1463 3180 1576 3245 sparsa
1598 3178 1657 3245 per
1678 3154 1777 3223 urbes

741 3283 787 3332 an.
819 3266 1014 3335 Sarmaticas
1037 3274 1069 3330 et
1092 3287 1196 3351 agam,
1218 3276 1250 3329 et
1272 3264 1416 3330 luctibus
1438 3265 1548 3329 crrruia
1570 3264 1693 3329 miscet.

820 3376 970 3463 Purpura
993 3372 1123 3461 lugubri
1146 3373 1266 3463 qrrmsim
1290 3384 1434 3440 ructatur
1457 3374 1589 3461 arrrictn,

820 3488 930 3572 Atque
951 3484 1024 3572 pice
1047 3483 1203 3549 infectum
1225 3484 1311 3573 tyrio
1334 3507 1392 3572 pro
1415 3484 1539 3550 murice
1561 3480 1666 3549 vellus

822 3592 984 3679 Succedit,
1006 3591 1164 3679 lanaeque
1187 3589 1284 3657 rudes
1308 3601 1404 3679 atque
1427 3615 1542 3680 aspera
1564 3590 1642 3677 lina,

822 3709 916 3784 (luae
938 3700 1044 3767 nullos
1067 3699 1158 3786 seles,
1181 3722 1264 3787 quae
1288 3698 1378 3764 nulla
1399 3700 1536 3764 hausere
1559 3699 1689 3764 fluenta

740 3830 789 3877 aa.
820 3810 958 3877 Gemma
980 3805 1104 3897 procul,
1127 3806 1238 3895 prceul
1254 3808 1358 3872 omnis
1374 3830 1463 3897 onyx
1479 3804 1665 3894 viridesque
1681 3802 1858 3891 smaragdi,

821 3918 1051 4008 Infraotusque
1073 3915 1206 3981 adamas
1229 3927 1260 3980 et
1283 3914 1398 3981 cedere
1421 3915 1546 3981 viribus
1571 3914 1646 3980 ullis

820 4027 969 4113 Nescius,
993 4025 1261 4113 ingeminansque
1285 4025 1376 4109 ignee
1399 4046 1460 4089 ceu
1482 4020 1614 4088 flamma
1636 4022 1792 4111 pyropus,

822 4137 864 4202 llt
889 4134 978 4199 fulvo
1000 4130 1164 4221 quondam
1188 4130 1343 4217 quicquid
1368 4128 1575 4195 concluditur
1597 4150 1685 4193 anre.

820 4244 894 4309 Non
918 4240 1038 4326 digitos
1061 4237 1169 4300 vinclo
1193 4236 1322 4320 fulgens
1345 4239 1461 4325 premit
1484 4235 1603 4301 anulus
1626 4246 1705 4318 arto,

741 4372 787 4416 ae.
817 4350 890 4415 Non
915 4347 998 4412 collo
1021 4356 1152 4430 torques
1174 4342 1324 4430 pendent,
1348 4354 1497 4408 textumve
1520 4340 1660 4406 corollae

819 4457 994 4523 Flavcntes
1018 4451 1180 4518 strinxere
1203 4472 1321 4535 eomas,
1345 4472 1409 4514 non
1434 4450 1555 4515 vertice
1578 4450 1697 4513 cristae
1723 4440 1726 4449 ’

696 4644 700 4651 ι
822 4563 998 4652 lthreultant
1020 4561 1160 4647 conique
1182 4558 1271 4641 vagi3
1295 4579 1359 4621 non
1384 4555 1450 4621 nlla
1473 4558 1624 4621 iuventae

717 4679 832 4743 ''i-*⁸¹
851 4677 1115 4776 sic'iaarrnnsirur
1133 4704 1184 4755 hoe
1201 4703 1308 4770 (ιῦῑᾶοΨ
1334 4704 1391 4754 ¹⁰⁰⁰
1416 4706 1443 4753 5¹¹
1469 4698 1535 4773 59⁸5
1552 4702 1678 4757 'dmm'
1708 4698 1809 4751 onmi
1837 4717 1863 4752 θ’

717 4821 769 4856 nan
788 4803 868 4857 semel
890 4808 1003 4854 tantum.
