4109 5767
545 697 591 763 ‘18
861 714 865 724 ·
1028 715 1108 752 vnn
1126 713 1223 750 ssms.
1580 781 1684 805 ἒ

647 902 770 992 Altera
792 925 877 993 quae
899 904 990 972 eaelo
1012 916 1070 994 est,
1092 904 1237 995 phoebeo
1259 905 1383 973 lumine
1406 905 1521 995 fulget,

700 1013 797 1080 Luna
818 1010 900 1080 haee
923 1014 1081 1082 Tamovii
1104 1026 1153 1082 est
1176 1013 1299 1083 lumine
1322 1014 1412 1082 olara
1435 1014 1494 1082 sui.
1631 1037 1635 1046 “

1074 1213 1153 1280 XII.

647 1336 750 1406 Stella
772 1338 1009 1428 redemptorem
1030 1340 1146 1408 mundi
1169 1339 1245 1406 olim
1270 1340 1411 1408 ostendit
1432 1340 1552 1429 Iesum,

702 1446 796 1527 Quae
818 1447 909 1514 eaelo
931 1447 1035 1515 multa
1056 1448 1169 1516 lueida
1192 1460 1269 1514 nata
1293 1448 1365 1515 laos
1387 1459 1449 1518 est:

649 1550 752 1618 Stella
772 1554 1010 1642 redemptorem
1033 1555 1227 1643 populorum
1250 1555 1392 1622 ostendit
1413 1566 1446 1621 et
1468 1555 1574 1621 omnis

702 1657 884 1726 Sarmatiae
906 1671 939 1726 et
960 1663 1068 1748 gentis
1092 1661 1255 1728 ulterioris
1278 1661 1395 1728 adhue.

587 1781 616 1828 u.
645 1763 691 1828 Et
714 1767 796 1830 eeu¹
819 1787 885 1831 non
908 1767 987 1832 satis
1011 1789 1077 1832 una
1100 1767 1192 1853 foret,
1214 1766 1292 1833 lieet
1314 1789 1381 1832 una
1404 1767 1519 1834 suimet

702 1867 805 1936 Stella
827 1871 915 1956 satis,
938 1870 1052 1938 stellae
1073 1882 1123 1939 est
1146 1871 1259 1938 addita
1281 1873 1360 1938 luna
1382 1894 1499 1938 eomes.

1065 2062 1162 2129 XIII.

648 2182 723 2251 Nou
746 2173 870 2252 frustra
891 2185 952 2252 tibi
975 2197 1113 2254 stemma
1136 2186 1250 2254 datum
1272 2187 1487 2277 vigilantibus
1509 2197 1635 2278 aptum3

702 2291 846 2361 Stemma
868 2293 940 2382 hoe,
962 2318 1027 2362 non
1052 2294 1152 2384 aliud,
1176 2295 1290 2364 debuit
1312 2319 1383 2364 esse
1405 2307 1511 2365 tuum:

648 2400 697 2468 'l'e
719 2401 855 2492 vigilem
877 2404 984 2493 patria
1006 2415 1141 2495 experta
1163 2416 1222 2492 est,
1245 2415 1277 2474 te
1299 2405 1384 2474 eivis
1406 2427 1578 2496 equesque,

701 2508 766 2578 Ros
789 2521 924 2602 experta
946 2514 1052 2580 omnis
1075 2513 1208 2602 publiea
1231 2525 1263 2582 te
1286 2513 1429 2604 vigilem.

943 2781 947 2787 .
1065 2713 1161 2780 XIV.

648 2833 836 2921 Pugnatum
859 2847 946 2904 terra
968 2839 1048 2904 satis
1071 2851 1129 2925 est,
1152 2861 1242 2906 mare
1264 2848 1364 2906 restat
1386 2847 1419 2906 et
1441 2838 1561 2905 undae:

701 2940 803 3008 Stella
825 2943 885 3009 tibi
910 2943 1056 3012 undosae
1078 2969 1119 3012 ou
1142 2945 1212 3013 dux
1235 2945 1312 3012 dats
1335 2955 1423 3012 certe
1444 2946 1520 3012 viae
1541 2954 1599 3032 ess,

648 3046 745 3113 Luna
767 3071 884 3137 eomes,
907 3073 991 3139 quae
1013 3062 1045 3118 te
1068 3074 1126 3141 per
1148 3053 1255 3120 amiea
1278 3050 1407 3119 silentia
1429 3051 1529 3118 duest

703 3153 818 3219 Nootis
840 3167 872 3221 et
894 3156 930 3220 in
953 3157 1096 3222 tenebris
1119 3157 1262 3222 eandida
1283 3166 1441 3223 monstret
1463 3159 1533 3223 iter.

999 3445 1079 3512 (sine
1099 3442 1219 3512 erutor.

1075 3577 1153 3644 XV.

644 3702 777 3788 Aspicis
800 3701 926 3792 effigies
949 3724 1144 3790 magnorum
1168 3713 1200 3768 et
1223 3702 1311 3769 faeta
1333 3703 1488 3788 virorum,

702 3813 793 3895 Quos
815 3810 891 3877 tulit
912 3810 995 3878 haee
1017 3820 1117 3899 aetas,
1138 3832 1219 3899 quos
1245 3820 1338 3879 vetus
1360 3809 1418 3876 illa
1439 3807 1514 3876 tulit
1524 3814 1545 3876 ³.

649 3923 774 3990 Addita
795 3920 952 3988 Tarnovii
974 3920 1100 4009 effigies
1123 3919 1175 3986 his
1199 3921 1226 3986 si
1251 3943 1317 3986 unu
1339 3919 1464 4008 fnisset,

700 4033 798 4098 Esset
820 4028 956 4095 dimidio
979 4027 1147 4117 pulohrior
1169 4029 1231 4095 iste
1253 4028 1344 4096 liber.

588 4162 616 4208 s.
646 4139 712 4209 Sed
734 4140 812 4228 qnia
835 4138 924 4205 faeta
945 4138 1009 4205 viri
1032 4136 1120 4204 haud
1144 4136 1239 4206 lieuit
1261 4135 1493 4227 comprendere
1516 4138 1639 4226 paneis,

702 4246 803 4314 Nulla
825 4245 880 4313 hie
903 4246 1060 4312 Tarnovii
1083 4246 1215 4335 ponitur
1237 4245 1372 4335 efligies.

649 4535 657 4566 ¹
678 4536 759 4588 listi:
833 4538 856 4588 ⁸.

647 4552 850 4692 ’Eplgrssirlda
874 4624 925 4677 hoo
950 4625 1055 4676 videtur
1080 4623 1243 4676 destinatum
1268 4626 1360 4690 lulum,
1387 4625 1458 4692 quod
1481 4624 1551 4676 libro
1575 4622 1683 4676 sutem

535 4712 643 4780 effigies
662 4714 749 4779 pletas
764 4713 898 4765 elatorum
911 4714 1030 4764 vlrornm
1045 4728 1187 4779 eorumque
1201 4714 1271 4764 vitas
1285 4713 1433 4765 continenti
1445 4711 1681 4779 praeserlbsrstur.

647 4798 708 4851 ⁸1n
726 4800 833 4852 eor-ule:
855 4815 936 4865 „quos
956 4799 1018 4851 tulit
1036 4800 1085 4851 illa
1103 4803 1200 4865 prior“.
