4109 5767
502 247 571 313 460
979 264 1057 300 ma
1076 264 1163 299 nonu·

586 344 890 353 ..ω-ἡ...-
1144 332 1651 353 —--..—---—-—-=

1053 712 1103 777 19.

854 904 873 941 ³
904 909 951 969 In
981 906 1297 985 pumili'ones¹.

1061 1082 1087 1147 I.

960 1211 993 1258 ln
1011 1170 1185 1273 Pignulnm’.

609 1321 698 1401 Quid
723 1322 866 1387 mendax
888 1321 1030 1389 hominio
1055 1345 1172 1389 nomon
1196 1323 1266 1409 tibi,
1287 1322 1438 1409 Pignula
1461 1322 1563 1387 samin

662 1431 772 1519 Atque
795 1429 897 1496 andos
920 1454 1027 1497 vanus
1045 1430 1163 1517 dianna
1186 1430 1231 1495 aia
1254 1428 1341 1518 quod
1365 1428 1485 1495 homo?
1542 1490 1544 1493 .

610 1538 686 1604 Uno
708 1540 765 1628 qui
787 1549 875 1605 totas
898 1540 1005 1605 minor
1027 1562 1063 1605 os
1086 1538 1177 1628 podo„
1201 1560 1335 1607 cornera
1356 1560 1453 1627 quam
1476 1538 1533 1625 qui

661 1646 752 1734 Vult,
776 1669 858 1735 apua
881 1656 932 1713 ost
956 1671 1059 1713 unum
1082 1646 1215 1713 claudat
1238 1657 1274 1713 ut
1297 1646 1352 1712 ille
1374 1645 1515 1712 aonium.

551 1776 578 1821 o.
608 1753 795 1841 Non‚homo
803 1765 839 1822 ta
848 1778 1036 1843 nonannoa
1044 1754 1270 1821 homunculus.
1283 1754 1518 1845 „Ergoqnid?“
1529 1754 1654 1843 inquis.

664 1863 773 1931 Huius
796 1864 979 1952 dimidium,
1002 1864 1154 1954 Pignule:
1178 1864 1273 1931 aulas
1296 1864 1392 1931 orin⁸.

1052 2062 1097 2129 11.

969 2194 1013 2243 aa
1032 2190 1179 2244 mamma

610 2296 740 2381 Omnia,
762 2318 847 2383 qaae
868 2319 912 2362 ex
934 2297 1051 2362 atomio
1076 2298 1239 2385 Epicurus
1263 2296 1351 2361 sacta
1374 2296 1509 2384 putavit,

663 2400 761 2481 Quod
783 2404 957 2467 minimum
978 2401 1041 2467 hoo
1064 2403 1150 2467 inter
1173 2423 1310 2488 oon-pora
1333 2422 1451 2489 oorpun
1474 2410 1553 2484 orat,

610 2507 753 2593 Corpore
776 2508 923 2573 novisset
944 2507 972 2571 ai
995 2516 1029 2571 to
1051 2528 1246 2593 quocunque
1268 2506 1437 2591 minorem,

662 2612 717 2677 Ex
740 2623 771 2677 to
794 2611 931 2677 dixisset
954 2612 1064 2677 omnia
1088 2611 1184 2697 santa7
1207 2611 1299 2676 Babi.

931 2808 963 2855 ln
980 2807 1192 2856 homuntionem
1201 2800 1219 2855 ⁵.

1045 2910 1107 2979 III.

609 3038 731 3106 Omnia
753 3040 809 3128 qni
832 3062 874 3107 ex
897 3039 1009 3127 nihilo,
1032 3038 1179 3129 quisquis
1204 3036 1267 3106 fuit
1290 3036 1346 3106 illa
1368 3037 1523 3125 Deorum,

662 3148 745 3214 Essa
768 3147 867 3235 dedit,
891 3148 999 3215 fuerat
1022 3150 1185 3214 maximus
1209 3146 1264 3213 illo
1287 3148 1389 3213 Deua.

610 3255 716 3320 Maior
738 3267 817 3339 erat,
840 3257 1011 3345 maiusque
1035 3256 1134 3321 daona
1158 3277 1339 3342 nomenque
1362 3252 1497 3339 tulisset,

664 3362 700 3429 Si
723 3385 765 3428 ex
789 3375 820 3429 to
843 3364 986 3448 seaisaot3
1010 3386 1086 3428 nam
1111 3364 1218 3428 minor
1240 3385 1275 3428 en
1298 3360 1409 3427 nihilo.

1043 3558 1102 3625 IV.

608 3686 662 3749 Ex
685 3683 787 3750 nihilo
811 3686 935 3750 factum
959 3696 1117 3751 memorat
1140 3707 1234 3751 saona
1257 3684 1378 3772 pagina
1400 3682 1571 3749 mundum.

661 3791 843 3879 Credimus,
866 3803 915 3858 est
938 3814 1135 3880 quamquam
1159 3814 1212 3857 nos
1235 3814 1274 3857 aa
1298 3792 1381 3855 mira
1404 3790 1510 3855 nimis.

501 3930 707 3939 ——a--nn-n

611 3992 619 4021 ¹
641 3993 765 4044 Farinam
776 3992 868 4044 omnia
880 3991 949 4045 hano
961 3993 1157 4060 epigrammata
1170 3990 1203 4043 ml
1214 3991 1326 4043 oumlom
1341 3989 1474 4042 hominnm
1484 3990 1653 4043 resonantur.

611 4081 622 4112 ¹
642 4085 700 4133 Οιι.
720 4082 774 4134 aab
797 4103 820 4126 ιι
845 4098 917 4136 norm
937 4083 998 4135 aaa.

613 4168 624 4197 ¹
642 4170 692 4220 Vv.
711 4168 728 4221 ὃ
747 4178 775 4220 at
792 4168 810 4222 ss
827 4170 995 4221 desideratur
1013 4170 1042 4220 in
1061 4170 1159 4221 aoraio.

613 4256 622 4287 ⁴
643 4258 720 4308 Corn.
740 4256 783 4311 85.

612 4343 623 4374 ¹
641 4346 844 4413 Epigrammata
865 4347 965 4397 iii-v
983 4354 1091 4397 axutam
1109 4347 1137 4397 ia
1150 4362 1201 4397 om.
1222 4362 1264 4412 μς.
1281 4342 1340 4410 uo,
1360 4346 1387 4395 in
1401 4360 1473 4397 eom.
1487 4342 1653 4413 pg.2561q.
