4109 5767
840 737 876 773 D!
894 736 1062 774 ΙΔΤΙΙΙΟΙΙΟ
1081 735 1168 772 mro.

432 809 743 831 m

538 929 670 998 Occidit
692 938 725 996 et
747 929 886 1019 petrium
909 930 996 995 iuste
1019 929 1089 994 sine
1113 950 1189 1017 rege
1212 927 1344 1016 reliquit

455 1061 503 1106 uo.
537 1038 643 1104 Morte
666 1061 734 1126 uun,
757 1047 930 1127 partusque
954 1059 1087 1103 sucrum
1110 1036 1270 1125 sunguine
1292 1045 1413 1125 gentes.
1441 1123 1444 1126 ἦ

539 1147 610 1212 Nee
633 1168 712 1212 vero
736 1168 824 1212 mure
847 1144 941 1211 illum
963 1143 1081 1228 hausit,
1104 1166 1166 1211 nce
1189 1144 1348 1212 burburus
1370 1145 1458 1212 ensis

538 1252 684 1320 Abstulit
699 1253 858 1320 invictum
873 1251 964 1318 illum
980 1252 1132 1317 unimam.
1154 1251 1245 1318 More
1260 1253 1363 1318 tristis
1378 1252 1499 1342 ubique
1513 1259 1573 1337 eet,

538 1359 585 1425 Ut
606 1357 692 1424 bello
716 1359 764 1425 sie
787 1380 868 1447 pace
890 1367 1017 1446 putenm
1040 1380 1102 1424 nec
1124 1358 1224 1424 noxia
1247 1358 1334 1424 ferro

536 1466 597 1531 Est
620 1475 748 1532 tentum
771 1475 960 1553 armataque
984 1465 1097 1531 iurene
1120 1465 1178 1532 dut
1201 1465 1318 1532 funere
1340 1466 1473 1535 dextrae

496 1624 503 1638 .
539 1573 644 1639 Omne
667 1596 771 1660 genus
794 1572 858 1639 leto
881 1573 960 1639 sutis
983 1582 1041 1659 cet,
1064 1594 1140 1638 eum
1164 1594 1263 1639 meve
1279 1574 1369 1638 venit
1383 1597 1480 1641 more.

626 1680 706 1744 Vita
727 1678 896 1746 hominum
921 1679 1023 1746 vuriiu
1046 1678 1188 1744 obnoxiu
1211 1680 1351 1765 cunibus,
1374 1702 1494 1771 uneepe

537 1785 666 1850 Incerto
691 1793 755 1850 stet
777 1786 856 1850 nixu
877 1784 994 1872 gradu,
1016 1807 1077 1850 nec
1101 1782 1210 1850 dieere
1231 1785 1413 1873 quiequam,

538 1889 632 1970 Quae
655 1901 809 1956 maneant
831 1913 865 1956 ee
889 1889 966 1976 fetu,
989 1900 1102 1976 potest
1127 1890 1227 1956 Hunc
1249 1890 1359 1956 hausit
1379 1890 1472 1957 hiatu

538 1995 641 2060 Terra
663 2018 732 2081 uuo,
754 1994 873 2060 fluetus
896 1993 991 2060 illum
1014 2017 1155 2061 mersere
1177 2005 1347 2081 tumentes,

495 2151 502 2166 .
538 2101 795 2190 Exanimemque
818 2111 910 2191 puter
932 2102 1107 2190 Neptunus
1129 2102 1163 2167 in
1187 2124 1325 2190 aequore
1348 2102 1442 2189 vidit,

537 2209 707 2296 Eiecitquc
729 2208 799 2275 sule
821 2218 854 2275 et
875 2207 940 2276 late
963 2231 1020 2298 per
1043 2208 1140 2275 litem
1163 2208 1257 2296 fudit,

536 2316 676 2382 Funeris
700 2316 872 2404 impatiens
896 2316 1045 2404 caesique
1069 2314 1241 2382 cadaveris
1263 2338 1353 2384 aevo.

535 2425 609 2490 ch
633 2423 690 2488 ulii
713 2423 877 2512 quondum
901 2423 964 2489 suit
987 2422 1175 2491 illaetabilis
1198 2434 1263 2509 adr,

535 2531 749 2622 Inlunditquc
774 2533 894 2598 mulum
920 2532 1040 2600 sensim
1064 2555 1121 2623 per
1144 2532 1291 2600 membru
1314 2557 1476 2601 vencnum

493 2693 499 2706 .
535 2639 689 2728 Spiranti,
712 2650 795 2707 tetre
818 2640 934 2708 infelix
958 2640 1037 2706 dum
1061 2642 1206 2708 rescitur
1229 2665 1319 2708 cure

533 2745 655 2811 Multos
678 2747 764 2833 ignis
786 2747 871 2812 edax
894 2747 1082 2834 rapidisque
1100 2747 1253 2813 incendia
1268 2747 1408 2813 flammis

534 2851 736 2940 Corripuere,
758 2853 906 2940 interque
929 2862 1017 2919 utruu
1041 2875 1182 2920 mersere
1205 2852 1346 2919 favillas.

533 2958 681 3044 Tulluu,¹
705 2959 830 3024 romani
853 2961 1004 3049 princeps
1028 2959 1241 3047 columenque
1264 2971 1405 3047 uenatus,

535 3065 617 3130 Fato
642 3063 706 3130 ulio
729 3064 858 3151 dignus,
881 3087 957 3131 cum
980 3067 1056 3130 totis
1080 3065 1217 3130 aedibus
1239 3067 1329 3131 arsit

492 3221 499 3234 .
535 3169 714 3235 Nobiscum
738 3169 860 3235 bellum
883 3169 980 3236 tellus
1002 3171 1096 3257 gerit,
1119 3193 1240 3258 aequor
1262 3182 1295 3237 et
1317 3193 1382 3257 aer,

533 3275 688 3362 ignisque
711 3284 744 3341 et
766 3274 856 3341 eaelo
879 3276 1036 3363 quicquid
1059 3299 1095 3342 ee
1117 3276 1239 3342 subicit
1261 3276 1335 3342 ulto.

535 3380 647 3445 Hostis
672 3381 791 3467 ubique
813 3378 950 3462 homini3
981 3392 1111 3447 nostrae
1133 3382 1281 3447 imminet
1311 3382 1454 3470 nudique
1477 3383 1568 3450 vitae

533 3485 661 3552 Pallida
684 3510 781 3572 mors,
803 3486 1016 3575 iugulumque
1039 3511 1100 3553 suu
1121 3497 1210 3554 tenet
1231 3490 1331 3554 effera
1352 3487 1477 3555 dextre„

620 3592 686 3674 Qui
710 3594 836 3660 senium
859 3602 955 3683 utque
978 3617 1081 3661 ennoe
1103 3604 1193 3683 optet
1215 3593 1396 3683 producere
1418 3594 1522 3683 longe,

490 3752 497 3766 .
533 3700 621 3782 Quid
646 3701 728 3768 vitet
751 3701 928 3790 fugietque,
951 3702 1047 3788 idem,
1070 3725 1154 3790 quae
1176 3712 1247 3769 tute
1270 3713 1432 3790 sequatur,
1562 3710 1566 3718 '

531 3807 673 3874 Nesciat.
695 3808 757 3873 Est
779 3808 860 3874 adeo
882 3819 1013 3874 nostrae
1036 3832 1101 3875 non
1125 3819 1214 3876 certe
1237 3810 1352 3876 uelutis

531 3912 662 4000 Semitn,
685 3924 717 3979 et
740 3913 882 3980 abstrusi
906 3937 977 3980 core
1000 3916 1120 4002 cuique
1142 3915 1334 3982 absconditu
1357 3916 1426 3981 fati.
1527 3939 1531 3945 ·

530 4017 652 4084 Tristia
676 4029 796 4085 venatu
820 4019 926 4086 lentae
948 4031 981 4087 et
1003 4021 1091 4086 melu
1113 4020 1222 4088 taedia
1245 4022 1332 4087 vitae

530 4123 622 4190 Dum
646 4125 751 4191 vitare
774 4126 874 4211 iuvet,
898 4147 975 4193 seve
997 4150 1151 4194 exercere
1172 4128 1326 4214 equitatu,

446 4251 495 4297 eu.
530 4228 623 4295 Bellu
645 4231 764 4297 animis
787 4253 882 4298 caeso
905 4242 962 4298 uut
979 4233 1189 4300 meditantem
1204 4257 1246 4299 ex
1261 4234 1353 4300 hoste
1368 4232 1563 4325 triumphent

531 4337 595 4404 llic
618 4361 776 4405 exeussus
799 4363 881 4430 equo
906 4341 1020 4407 mediis
1045 4342 1259 4408 moribundus
1282 4343 1316 4409 in
1339 4343 1430 4412 urvis

530 4444 694 4527 Volvitur,
717 4446 773 4514 ille
797 4447 883 4514 ferun
906 4449 1035 4535 ugitunn
1059 4451 1092 4515 in
1117 4450 1281 4516 montibus
1304 4449 1380 4516 ultis

529 4551 720 4619 Diluniutur
743 4578 830 4643 upro,
853 4566 911 4622 uut
933 4555 1045 4646 libyco
1067 4557 1104 4623 lit
1126 4559 1248 4646 praede
1270 4559 1356 4625 leoni

530 4761 538 4792 ¹
558 4765 666 4815 'l'ullum
687 4766 841 4830 llectllium,
860 4783 949 4834 regem
969 4777 1114 4835 nuncupet.
1137 4771 1193 4822 biv.
1213 4771 1340 4837 1‚31‚8.
