4109 5767
650 721 723 775 ΙιΙΙΙΙ
1147 738 1303 774 aaronita.

647 948 720 1001 mae
744 930 886 1016 speeiem
910 928 1055 995 malua
1076 928 1275 1017 Theophilus
1293 929 1456 1015 Folengus
1480 933 1638 1015 ((1644),
1662 954 1722 997 nec
1736 930 1789 996 de-

647 1033 741 1100 fuere
764 1034 875 1101 eodem
902 1035 970 1101 fere
994 1048 1138 1125 tempore
1168 1038 1255 1125 apud
1280 1037 1471 1123 Germanos,
1501 1040 1556 1127 qui
1588 1039 1674 1106 hauc
1697 1040 1788 1104 ratio

648 1165 722 1207 nem
748 1153 970 1231 sequerentur,
995 1144 1081 1232 apud
1106 1143 1244 1210 Polonos
1268 1169 1344 1211 vero
1368 1146 1512 1236 Royaius
1535 1148 1569 1213 ia
1593 1147 1654 1213 hoc¹
1677 1170 1789 1233 genere

652 1250 696 1315 Io.
721 1250 964 1317 Oechanovium
989 1254 1204 1341 praecessisse
1228 1253 1367 1319 videtur.

756 1360 794 1425 Ia
822 1361 971 1427 versibus
996 1361 1177 1449 pangendis
1201 1364 1348 1449 arquitur
1371 1364 1515 1454 Iloyaias
1539 1364 1653 1451 legem,
1677 1364 1703 1428 si
1728 1387 1788 1428 non

648 1470 736 1532 omni
760 1491 803 1533 ex
826 1484 918 1557 parte
941 1492 959 1534 a
984 1472 1121 1535 suuunis
1144 1472 1347 1558 antiquitatis
1371 1472 1560 1555 artificibus,
1591 1482 1625 1536 at
1648 1472 1788 1538 certain

648 1576 837 1640 universum
862 1599 881 1640 a
905 1576 999 1641 bonis
1022 1578 1210 1641 auctoribus
1234 1577 1413 1664 probatam.
1439 1579 1523 1642 Nam
1547 1581 1604 1643 vix
1629 1580 1789 1665 vitupera-

648 1682 769 1749 tionem
785 1683 941 1755 iaeurrat.
964 1683 1050 1769 quod
1075 1692 1151 1769 ,tra
1167 1687 1384 1771 stupensque“
1402 1708 1498 1750 versu
1515 1685 1694 1770 incluserit,
1717 1708 1788 1750 cum

650 1790 713 1853 iam
740 1790 875 1854 Horatio
899 1790 985 1855 idom
1010 1790 1139 1856 licuerit
1162 1792 1200 1877 (Ι,
1225 1794 1278 1877 39,
1302 1794 1389 1875 241).
1414 1792 1538 1877 llidcm,
1562 1816 1636 1857 cum
1660 1794 1713 1858 Dc
1734 1816 1790 1880 ap

649 1907 764 1983 paratu
788 1898 975 1985 nuptiarum
1001 1896 1202 1982 Sigisuruadi
1228 1900 1368 1983 attiguasti
1392 1912 1424 1963 ct
1447 1897 1643 1967 catharinae
1673 1902 1716 1985 (Ι,
1739 1903 1789 1984 63,

651 2005 705 2085 74)
729 2004 925 2095 scripsisset:

863 2154 1003 2171 ......
1025 2118 1120 2168 inclita
1139 2135 1230 2183 regunt

751 2208 834 2271 Gens,
854 2207 1011 2271 catharina,
1031 2210 1094 2257 veut
1114 2198 1176 2259 veui
1195 2210 1281 2258 earnis
1300 2213 1423 2259 saranata
1443 2210 1544 2260 clamat

648 2330 1791 2422 absquedubioVergilias(Belli,7936,44)0vidiusque(hletara.lll,

649 2438 727 2521 601)
750 2450 898 2505 auctores
922 2440 1084 2507 obversati
1108 2453 1198 2527 sunt,
1228 2463 1425 2529 quamquam
1456 2441 1564 2506 hiatus
1594 2453 1627 2505 et
1657 2442 1727 2528 ipsa
1757 2440 1790 2504 in

649 2545 740 2612 hlatu
765 2560 914 2636 correpta
936 2549 1043 2637 prima
1066 2548 1191 2616 vocalis
1210 2561 1387 2615 excusatur
1402 2548 1488 2637 aprtd
1505 2548 1633 2616 eosdem
1651 2547 1791 2613 naturali

649 2656 744 2721 lictae
767 2657 868 2723 echas
892 2658 1071 2724 imitatione
1094 2671 1126 2725 et
1150 2658 1319 2725 bucolicac
1335 2682 1490 2724 caesurae
1506 2671 1631 2741 natura,
1655 2658 1688 2721 id
1705 2656 1790 2744 qaod

650 2764 684 2827 in
708 2762 911 2853 Rayziauutn
937 2787 1068 2831 versam
1093 2789 1157 2829 aaa
1183 2765 1278 2830 cadit
1305 2768 1341 2831 In
1367 2765 1512 2830 eiusdem
1538 2766 1693 2830 carruinis
1717 2789 1747 2830 v.
1771 2768 1792 2827 3

648 2871 688 2955 (Ι,
712 2873 767 2951 61)
799 2871 903 2937 hiavit
934 2886 1005 2959 post
1036 2874 1175 2959 primam
1197 2874 1284 2937 tertii
1313 2873 1404 2959 pedis
1431 2872 1610 2936 hexametri
1634 2869 1791 2957 dactylici

648 2988 774 3063 partem
799 2976 840 3041 ad
866 2977 1004 3060 Horatii,
1027 2980 1149 3065 opinor,
1173 2977 1357 3064 exerupluur
1381 2977 1501 3058 (Oarm.
1517 2978 1543 3061 Ι,
1567 2978 1619 3059 28,
1643 2979 1698 3052 24)
1714 2997 1792 3039 con·

648 3083 842 3167 tempsitque
873 3081 970 3146 Gellii
1003 3093 1212 3169 praeceptum
1244 3082 1319 3162 (VI,
1351 3083 1415 3165 26),
1445 3082 1500 3168 qui
1533 3080 1636 3144 solum
1668 3079 1791 3143 eisdem

650 3186 778 3253 duabus
800 3186 970 3254 vraealibus
987 3190 1257 3254 concurrentibus
1274 3188 1307 3252 id
1321 3186 1420 3253 licere
1432 3186 1671 3253 animadvertit.
1696 3184 1793 3249 Alius

649 3294 767 3363 deinde
790 3295 898 3361 hiatus
921 3298 954 3361 in
981 3318 1116 3361 caesura
1140 3296 1288 3361 luteolica
1313 3318 1427 3361 versus
1444 3294 1562 3361 heroici
1580 3294 1636 3380 (ΙΙ,
1652 3294 1727 3378 443,
1744 3292 1792 3375 ΙΙ)

648 3418 826 3472 excusatur
849 3406 946 3471 simili
972 3406 1128 3473 Aerrcidis
1152 3406 1222 3472 loca
1246 3406 1283 3493 (I,
1307 3407 1395 3483 103).
1420 3407 1495 3494 Ipsa
1510 3405 1640 3471 insolita
1662 3404 1793 3491 quanti-

648 3526 698 3582 tas
722 3514 925 3605 syllabarum
949 3518 1040 3582 voeis
1066 3514 1318 3605 ,66163161665ιι
1349 3538 1407 3603 pro
1434 3513 1581 3580 sollemni
1609 3511 1794 3602 ,quotidia-

648 3626 729 3692 nus“
756 3626 795 3711 (I,
812 3627 886 3712 293,
902 3627 959 3708 36)
983 3626 1108 3712 nititur,
1132 3626 1164 3690 ni
1182 3624 1287 3711 fallar,
1310 3624 1430 3693 Catulli
1447 3625 1602 3691 carminis
1618 3624 1661 3689 68
1678 3648 1709 3690 v.
1728 3624 1793 3688 139

540 3726 549 3741 ’
647 3746 737 3801 textu
764 3756 862 3799 aranu
886 3735 1015 3823 scriptis
1032 3734 1159 3820 tradito,
1182 3757 1378 3822 quamquam
1395 3746 1482 3799 totus
1497 3733 1551 3798 bic
1568 3732 1682 3823 Royzii
1700 3730 1794 3796 locus

649 3855 819 3932 suspectus
842 3854 907 3928 est,
938 3842 1098 3931 siquidem
1127 3867 1158 3908 v.
1183 3844 1225 3907 35
1250 3842 1370 3908 tradita
1401 3843 1507 3907 sutrina
1540 3841 1700 3928 ,iaiu1·ia“
1735 3862 1795 3927 pro

649 3953 848 4017 nominativo
879 3950 990 4017 habita
1021 3962 1181 4039 repugnat
1212 3952 1428 4041 syntacticac,
1460 3974 1516 4039 pra
1545 3948 1689 4015 ablativo
1714 3970 1795 4015 vcro

648 4072 782 4147 accepta
813 4061 967 4125 metricae
998 4060 1125 4126 rationi.
1164 4060 1345 4127 Martialem
1379 4071 1509 4125 secutus
1539 4056 1793 4144 ,smaragdum“

649 4166 850 4254 paenultima
872 4166 966 4232 brevi
991 4191 1022 4232 v.
1046 4169 1067 4231 6
1091 4169 1247 4233 carminis
1271 4168 1323 4231 Do
1346 4175 1504 4253 apparata
1528 4165 1718 4251 nuptiarum
1743 4164 1797 4228 Si-

648 4272 815 4356 gismundi
839 4273 980 4358 Augusti
1005 4283 1037 4337 et
1060 4270 1209 4337 Elisabes
1233 4273 1405 4358 usurpavit
1427 4271 1465 4355 (Ι,
1482 4272 1534 4352 29,
1550 4272 1593 4350 6).
1616 4268 1701 4333 Ulue
1722 4270 1797 4334 aive

646 4376 743 4442 Ullae
773 4379 858 4444 arcis
889 4401 1006 4443 nomen
1040 4380 1073 4443 in
1104 4379 1348 4465 epigrammatis
1379 4378 1497 4463 partim
1528 4375 1657 4467 syllaba
1686 4376 1795 4464 prima

645 4483 744 4572 longa
774 4486 835 4572 (II,
861 4490 902 4553 19
926 4510 1003 4573 sqq,
1033 4488 1134 4574 epigr.
1166 4485 1421 4567 I—XXXVI13
1456 4488 1533 4569 124,
1565 4484 1640 4570 IX),
1671 4486 1795 4572 partim

643 4591 737 4658 brevi
769 4593 831 4678 (II,
855 4596 907 4679 23,
932 4592 1068 4678 XVIII,
1091 4596 1125 4675 43
1159 4595 1224 4658 124
1247 4616 1302 4679 sq,
1333 4593 1498 4675 Χ-ΧΙΙ)
1529 4614 1625 4657 versu
1650 4590 1796 4656 inclusit.

646 4698 762 4765 Licere
785 4700 847 4767 sibi
872 4700 933 4767 hac
949 4701 982 4765 in
1000 4722 1081 4767 voce
1097 4700 1245 4785 barbara,
1262 4700 1469 4787 antiquorum
1484 4700 1677 4764 auctoritate
1692 4697 1798 4763 desti-

647 4816 727 4891 tuta,
750 4830 787 4873 eo
812 4808 916 4895 magis
940 4810 1078 4895 putavit,
1101 4806 1185 4894 quod
1211 4807 1296 4872 idem
1321 4808 1355 4871 in
1372 4806 1446 4872 aliis
1462 4805 1599 4872 vocibus
1615 4815 1712 4891 atque
1730 4805 1800 4869 sor-
