4109 5767
575 776 704 868 »ss

1493 858 1800 888 -...-....··----·-..,.-.-

766 984 890 1052 Addita
910 982 1110 1067 Tithonique
1133 1004 1250 1047 sevum
1272 980 1469 1070 Pyliamque
1491 990 1669 1047 muctam:

663 1114 733 1161 sss.
763 1092 865 1159 Vivat
888 1100 1026 1176 uterque
1048 1088 1105 1155 diu
1129 1087 1258 1175 coniux,
1279 1096 1368 1177 petet
1390 1085 1521 1154 aethora
1543 1109 1615 1153 sero

767 1200 812 1266 ln
834 1197 938 1265 multu
960 1197 1073 1265 subole
1095 1197 1254 1264 Lituonos
1276 1195 1398 1285 repleat
1419 1216 1520 1263 moes

769 1308 864 1373 H'aec
885 1307 1035 1393 interque
1057 1304 1167 1393 (lupos,
1189 1304 1270 1370 haec
1292 1305 1378 1370 inter
1398 1304 1522 1391 poscite
1544 1304 1631 1371 vina

860 1412 995 1503 Hymen
1018 1411 1116 1477 dulce
1137 1411 1207 1497 tibi,
1229 1434 1250 1475 o
1271 1410 1403 1501 hymen,
1423 1409 1586 1497 Radivilo,
1608 1420 1756 1477 canatur.

768 1519 941 1586 Indultum
962 1521 1043 1585 satis
1064 1530 1114 1586 est
1135 1519 1270 1585 mensis:
1292 1541 1354 1606 ego
1375 1518 1461 1585 lacta
1481 1518 1636 1585 iuventus

665 1648 737 1693 sss.
770 1625 877 1713 Surge
898 1626 978 1691 toris
999 1624 1218 1713 pulchrosque
1239 1646 1339 1689 manu
1362 1624 1404 1691 sle
1425 1646 1515 1690 more
1535 1624 1663 1713 puellas

768 1732 913 1820 Corripe,
934 1742 1164 1819 corruptasque
1185 1751 1302 1795 exerce
1324 1740 1421 1818 atque
1441 1730 1576 1797 orbibus
1598 1729 1693 1797 orbes

770 1838 939 1927 Expedite
961 1837 1124 1925 celerique
1146 1836 1252 1924 gradu
1275 1836 1344 1902 sola
1366 1836 1453 1902 levin
1473 1836 1579 1925 pulsa,

768 1946 936 2034 Laetaque
957 1944 1150 2013 concelebra
1172 1944 1298 2011 choreis
1321 1943 1462 2010 conubio
1484 1944 1588 2011 laetis.

861 2054 995 2145 Hymen
1017 2053 1116 2119 dulce
1137 2051 1207 2139 tibi,
1229 2076 1249 2118 ο
1269 2052 1402 2143 hymen,
1424 2052 1586 2141 Redivilo,
1609 2064 1755 2122 canatur.

668 2184 738 2230 seo.
770 2160 899 2227 Fistula
921 2162 1089 2227 concinuit
1110 2159 1200 2226 dulci
1223 2170 1256 2226 et
1278 2160 1473 2251 symphonia
1495 2172 1595 2227 cantu

770 2267 957 2334 Concordes
977 2267 1092 2333 inflata
1115 2289 1210 2333 sonos
1233 2267 1332 2353 dedit,
1354 2290 1473 2356 oroque
1494 2279 1562 2334 toto

769 2375 960 2463 completur
981 2374 1061 2441 tuba
1084 2374 1239 2441 saltantes
1262 2396 1303 2441 ac
1324 2375 1448 2441 excitat
1469 2375 1563 2443 ultro.

861 2483 995 2574 Hymen
1016 2481 1114 2550 dulce
1136 2482 1206 2571 tibi,
1228 2506 1248 2548 o
1269 2482 1402 2573 hymen,
1423 2483 1587 2572 Radivilo,
1610 2495 1756 2553 caunum

770 2590 877 2678 Surge
897 2592 1030 2657 iterum:
1053 2612 1231 2678 rursusque
1253 2600 1344 2656 tuam
1367 2612 1448 2679 eope
1471 2593 1608 2683 quisque
1629 2592 1773 2681 puellam

668 2723 740 2768 sse.
772 2698 977 2788 Dclnssaque
999 2698 1107 2785 choro,
1130 2720 1219 2765 nuno
1242 2698 1313 2787 lino,
1336 2722 1426 2766 nuno
1448 2700 1588 2790 impiger
1608 2700 1694 2769 illoc

771 2806 945 2873 Pulchrior
965 2806 1057 2893 haec,
1079 2806 1168 2872 culte
1190 2806 1247 2872 illu
1270 2808 1385 2895 magis,
1407 2810 1513 2896 magis
1534 2808 1593 2874 ills
1615 2810 1743 2876 decora

771 2912 866 2979 Haec
887 2912 1075 3002 quaerenda
1096 2912 1166 2999 tibi,
1189 2915 1293 3001 magis
1316 2913 1406 3001 haec,
1428 2916 1534 3003 magis
1557 2914 1615 2981 illa
1635 2914 1785 3004 petendu.

861 3019 996 3109 Hymen
1018 3018 1117 3085 dulce
1138 3018 1207 3105 tibi,
1231 3042 1250 3084 o
1272 3019 1404 3110 hymen,
1426 3020 1589 3108 Rudivilo,
1612 3034 1758 3088 canatur.

771 3124 902 3190 Parcite
921 3126 987 3188 iam
1010 3125 1090 3190 satis
1113 3135 1162 3189 est
1184 3126 1328 3211 iuvenes,
1352 3127 1417 3190 inm
1440 3125 1544 3192 mults
1565 3128 1632 3192 ruit
1654 3150 1722 3193 nox

669 3251 740 3296 uo.
775 3228 908 3297 Oceano
929 3231 1139 3317 referuntque
1161 3252 1279 3317 graves
1302 3232 1367 3296 ium
1391 3230 1499 3296 sideru
1521 3254 1660 3299 somnos

773 3336 829 3402 Ad
851 3335 1011 3403 thalamos
1033 3337 1118 3402 Iuno
1140 3347 1236 3404 vocat
1258 3349 1290 3405 ot
1313 3339 1441 3405 Lucina
1464 3339 1599 3427 iugules,

775 3444 944 3514 Secundus
966 3470 986 3513 o
1008 3469 1086 3513 mox
1107 3445 1266 3514 tholomeo
1289 3458 1322 3515 ct
1344 3446 1433 3537 prole
1455 3447 1576 3538 hontos,

724 3614 728 3624 ,
774 3555 879 3645 Prole,
900 3580 1005 3646 genus
1027 3556 1146 3625 referat
1169 3580 1235 3645 qua
1257 3558 1355 3647 stirps
1377 3558 1503 3626 lituanu
1524 3559 1688 3649 polonum,

774 3664 987 3753 Illustoesque
1009 3664 1105 3732 domo
1127 3666 1247 3732 mixtos
1269 3665 1385 3732 heroas
1408 3676 1544 3755 utraque

672 3795 744 3839 sss.
776 3773 886 3839 Mittat
907 3783 940 3839 et
961 3774 1087 3860 ingenti
1111 3774 1278 3861 contingat
1301 3773 1408 3840 sideru
1431 3775 1528 3862 fama,
1624 3801 1632 3816 ·

771 3880 878 3945 Mixto
899 3879 1025 3968 domus,
1048 3879 1167 3946 multos
1189 3878 1266 3946 olim
1288 3902 1444 3947 mansura
1465 3904 1523 3971 per
1545 3906 1657 3951 annos.

1139 4096 1343 4104 ..m—4

1098 4334 1153 4400 Ad
1180 4334 1382 4400 EUNDEM.

885 4525 1077 4613 Classicum,
1100 4525 1262 4614 Rodivih,
1284 4528 1349 4593 iam
1374 4538 1432 4614 sut,
1456 4550 1475 4593 0
1498 4532 1569 4594 sat¹

885 4631 1055 4698 Hactenus
1078 4633 1244 4721 cecinisse,
1268 4644 1318 4699 sat
1340 4645 1476 4723 tuosque

674 4786 876 4797 --——-—

777 4864 788 4896 ¹
807 4867 858 4918 Est
874 4882 965 4919 sersus
985 4866 1141 4934 phaleschu
1161 4866 1410 4934 hendecasyllabos.
