4109 5767
892 773 1030 810 ΙΔΙΙᾸῚΊΙ.

501 971 739 1054 Distentnsque
761 976 914 1054 saturque
937 965 1011 1032 altis
1035 964 1178 1033 exsultat
1199 967 1235 1032 in
1257 965 1359 1032 arvis:

502 1076 629 1143 Divisis
652 1073 818 1160 quondam
841 1073 1035 1161 eontingnnt
1058 1071 1137 1138 talia
1158 1071 1277 1160 regnis.
1401 1147 1404 1156 Ι

591 1180 754 1250 sarnam
775 1179 901 1266 infelix,
923 1202 999 1245 eum
1021 1201 1056 1245 se
1079 1187 1115 1244 ut
1138 1179 1208 1245 aine
1229 1178 1353 1265 remige
1374 1175 1459 1242 vidit

396 1310 470 1355 sos.
499 1289 644 1355 laetatae
665 1284 842 1353 assimilem
864 1286 942 1351 navi
965 1296 997 1353 et
1018 1295 1105 1352 retro
1126 1286 1235 1351 omnia
1258 1285 1336 1352 ierri

502 1395 621 1481 Lapsa,
642 1390 803 1480 palatinos
827 1391 916 1457 soliis
939 1389 1091 1457 deturbat
1113 1389 1154 1456 ab
1179 1391 1262 1456 altis.

503 1499 638 1586 Seeptra
659 1498 777 1564 iterum
799 1498 892 1562 iuvat
913 1506 945 1562 et
968 1517 1097 1562 saetam
1120 1504 1266 1584 speetare
1288 1496 1413 1562 tiaram.

502 1604 591 1693 Ergo
612 1603 765 1693 palatinis
786 1602 911 1691 regalia
932 1611 1061 1690 seeptru
1079 1601 1217 1690 repulsis

502 1709 699 1779 Sueeotlunt
728 1709 859 1776 Primus
881 1708 1007 1798 regales
1030 1706 1201 1776 Graeelrus
1223 1707 1370 1796 honores,

397 1838 470 1886 rra.
502 1819 710 1904 Samam-
721 1818 857 1884 mentita
868 1827 917 1883 eat
928 1839 1115 1905 quanquam
1126 1816 1219 1883 illum
1231 1815 1539 1897 famaQuiritem—

501 1925 698 2008 Promeruit;
720 1923 901 2009 Gracchus,
923 1946 988 2012 qao
1010 1946 1077 1990 non
1099 1923 1314 2012 praestantior
1335 1921 1416 1989 alter

502 2030 590 2096 Paos
612 2037 722 2096 tenere
741 2029 840 2116 viros,
860 2028 1051 2116 hostemque
1073 2028 1229 2117 repellere
1251 2029 1369 2116 regnis

500 2135 643 2202 Consilio
663 2134 754 2202 huno
776 2157 887 2201 omnes
910 2135 1095 2219 animisque
1116 2119 1301 2201 volentibus
1323 2132 1408 2200 ultro

502 2238 634 2306 Tollunt
657 2240 692 2306 in
715 2239 797 2307 solia
818 2249 917 2326 atque
939 2238 1033 2306 datas
1054 2249 1252 2307 venerantur
1273 2238 1426 2306 habenas.

399 2368 471 2414 rra.
506 2350 600 2429 Quae
622 2349 752 2415 luerunt
773 2370 878 2438 nuper
898 2349 990 2414 vario
1013 2349 1133 2416 iaetuta
1154 2346 1295 2414 tumultu

502 2457 617 2545 Regna
638 2455 791 2546 palatinis
812 2455 1030 2545 turbantibus,
1052 2457 1161 2523 omnia
1185 2457 1322 2524 semaa¹

504 2565 709 2651 Surgerequ'e
731 2563 908 2651 ottonique,
931 2563 1096 2652 decusque
1117 2585 1281 2630 resumere
1302 2563 1456 2650 ptissana

502 2671 631 2736 Dextra
652 2679 767 2757 potens
789 2667 942 2755 Graeehi,
963 2669 1115 2756 belloque
1136 2668 1310 2756 imperdita
1330 2670 1436 2734 'virtus

504 2774 638 2840 Evaluit
658 2774 754 2863 pulso
777 2775 873 2861 longe
896 2774 937 2840 de
959 2772 1080 2840 finibus
1102 2773 1202 2859 hoste,

399 2900 470 2946 rae.
498 2880 650 2964 Paeeqae
673 2881 859 2970 eompesitis
882 2879 1019 2968 pulehra
1040 2878 1251 2969 popularibus
1274 2879 1382 2944 amris.

502 2985 596 3052 Bella
616 2985 777 3052 emanata
798 2989 883 3054 inter
905 2996 1131 3074 pugnataaque
1153 2984 1267 3052 ordina
1289 3008 1417 3073 pugnas

502 3091 643 3163 cornero
665 3103 735 3162 orat
756 3092 879 3182 Gallos,
901 3093 1036 3162 inimiea
1057 3094 1178 3161 inferro
1199 3091 1332 3161 Polonis

503 3201 606 3290 Signa
628 3225 725 3268 ausos
746 3202 907 3293 popnlis¹,
930 3212 966 3268 ut
988 3201 1092 3268 multa
1114 3211 1222 3290 strage
1245 3209 1396 3268 ementes

503 3306 674 3375 Graoehua
696 3309 765 3397 agit
785 3331 952 3397 regnoque
974 3309 1074 3374 armis
1095 3307 1288 3375 viatrieibua
1311 3316 1409 3395 areet,

398 3434 470 3479 aaa.
499 3411 593 3478 Milia
614 3413 718 3480 multa
739 3436 839 3480 manu
862 3413 1051 3480 subtristis
1073 3413 1210 3480 Tartara
1232 3415 1363 3481 mittens

392 3525 400 3544 '·
502 3518 697 3586 Bellantuna
726 3520 795 3588 Oeu
819 3519 949 3608 quando
971 3543 1104 3609 gregem
1126 3519 1223 3609 lupus
1245 3522 1280 3587 in
1302 3520 1418 3587 mediis
1438 3529 1516 3588 trux

503 3625 609 3692 laetat
630 3627 727 3715 agris,
749 3626 815 3693 late
836 3635 870 3693 et
891 3649 980 3694 nuno
1002 3627 1097 3714 hane,
1120 3649 1209 3694 nune
1231 3627 1370 3716 impiger
1391 3627 1482 3694 illam

503 3732 612 3798 Dente
632 3735 722 3820 petit,
746 3731 850 3798 multa
871 3741 905 3800 et
925 3732 1031 3820 plenis
1054 3732 1110 3799 (lut
1133 3734 1249 3800 iunera
1270 3733 1407 3822 eampis:

503 3835 673 3902 Gallorum
694 3839 730 3904 in
752 3848 876 3904 turmas
898 3836 961 3905 hoe
984 3837 1155 3905 Graeehus
1178 3860 1266 3905 more
1288 3837 1412 3906 ruebat.

399 3962 469 4008 rao.
499 3943 675 4026 Postquam
697 3945 906 4031 parta'quies
930 3945 1040 4033 regnis
1062 3945 1232 4030 omniaque
1254 3943 1403 4033 repulsus
1460 3959 1464 3968 '

504 4047 616 4112 Hostis
638 4049 727 4135 agris
749 4069 865 4116 seoura
886 4049 972 4116 bono
995 4049 1075 4114 dant
1097 4050 1162 4116 otia
1184 4051 1263 4137 regi,

503 4151 591 4220 Flore
612 4152 728 4221 urbem
749 4153 870 4241 eondit
891 4155 996 4242 plenia
1019 4177 1084 4244 qua
1107 4177 1142 4222 ae
1164 4155 1268 4222 Istula
1290 4156 1370 4245 ripis

503 4259 634 4347 Inserit;
657 4261 912 4351 Orateviamquo
934 4285 994 4329 suo
1015 4261 1058 4329 (lo
1080 4261 1210 4330 nomine
1225 4262 1340 4329 dixitr.

403 4383 602 4408 --...-·-—'

504 4542 516 4575 ¹
533 4548 575 4600 De
592 4547 645 4601 hae
662 4547 777 4602 miritae
793 4548 924 4602 bellosam
941 4565 1003 4601 eam
1022 4547 1109 4603 Gallia
1128 4555 1263 4618 putaram
1288 4551 1362 4602 lama
1380 4551 1478 4606 eritiea
1494 4568 1540 4605 ra·

392 4633 469 4688 tiens
486 4637 544 4705 egit
561 4638 702 4691 &emam
719 4639 761 4692 Da
778 4641 859 4692 ratur
876 4639 969 4693 Pelen.
987 4640 1036 4692 lib.
1055 4640 1082 4691 li
1100 4654 1124 4692 e.
1143 4637 1170 4692 3.

505 4723 517 4754 ⁸
534 4727 600 4779 Post
617 4726 690 4780 hana
707 4744 735 4784 v.
752 4727 918 4796 adsumam
936 4735 978 4783 est
994 4729 1024 4780 in
1042 4734 1120 4781 mate:
1140 4727 1324 4794 ,maridas
1342 4729 1430 4786 llatr‘.

831 4832 1100 4889 -ψ-
