<?xml version="1.0" encoding="UTF-8"?>
<!DOCTYPE html PUBLIC "-//W3C//DTD XHTML 1.0 Transitional//EN"
    "http://www.w3.org/TR/xhtml1/DTD/xhtml1-transitional.dtd">
<html xmlns="http://www.w3.org/1999/xhtml" xml:lang="en" lang="en">
 <head>
  <title>
</title>
<meta http-equiv="Content-Type" content="text/html;charset=utf-8" />
  <meta name='ocr-system' content='tesseract 3.04.00' />
  <meta name='ocr-capabilities' content='ocr_page ocr_carea ocr_par ocr_line ocrx_word'/>
</head>
<body>
  <div class='ocr_page' id='page_1' title='image "./petriroyziimaur00morogoog_0563.png"; bbox 0 0 4109 5767; ppageno 0'>
   <div class='ocr_carea' id='block_1_1' title="bbox 455 940 1302 1138">
    <p class='ocr_par' dir='ltr' id='par_1_1' title="bbox 455 940 1302 1138">
     <span class='ocr_line' id='line_1_1' title="bbox 455 940 1302 1030; baseline -0.011 -16"><span class='ocrx_word' id='word_1_1' title='bbox 455 968 504 1014; x_wconf 81' lang='lat' dir='ltr'><strong>aa.</strong></span> <span class='ocrx_word' id='word_1_2' title='bbox 536 948 609 1014; x_wconf 90' lang='lat' dir='ltr'><strong>Hoc</strong></span> <span class='ocrx_word' id='word_1_3' title='bbox 631 947 659 1010; x_wconf 80' lang='lat' dir='ltr'><strong>si</strong></span> <span class='ocrx_word' id='word_1_4' title='bbox 682 945 859 1011; x_wconf 83' lang='lat' dir='ltr'><strong>nocherus</strong></span> <span class='ocrx_word' id='word_1_5' title='bbox 882 944 982 1010; x_wconf 79' lang='lat' dir='ltr'><strong>luerit</strong></span> <span class='ocrx_word' id='word_1_6' title='bbox 1004 942 1159 1030; x_wconf 80' lang='lat' dir='ltr'><strong>diguatus</strong></span> <span class='ocrx_word' id='word_1_7' title='bbox 1176 940 1302 1006; x_wconf 79' lang='lat' dir='ltr'><strong>&#39;honore</strong></span> 
     </span>
     <span class='ocr_line' id='line_1_2' title="bbox 536 1047 1232 1138; baseline -0.014 -16"><span class='ocrx_word' id='word_1_8' title='bbox 536 1051 801 1138; x_wconf 81' lang='lat' dir='ltr'><strong>Chodkievicius,</strong></span> <span class='ocrx_word' id='word_1_9' title='bbox 823 1051 967 1117; x_wconf 86' lang='lat' dir='ltr'><strong>lituanae</strong></span> <span class='ocrx_word' id='word_1_10' title='bbox 989 1049 1095 1137; x_wconf 86' lang='lat' dir='ltr'><strong>gloria</strong></span> <span class='ocrx_word' id='word_1_11' title='bbox 1117 1047 1232 1136; x_wconf 82' lang='lat' dir='ltr'><strong>gentis.</strong></span> 
     </span>
    </p>
   </div>
   <div class='ocr_carea' id='block_1_2' title="bbox 978 1278 1022 1345">
    <p class='ocr_par' dir='ltr' id='par_1_2' title="bbox 978 1278 1022 1345">
     <span class='ocr_line' id='line_1_3' title="bbox 978 1278 1022 1345; baseline -0.023 0"><span class='ocrx_word' id='word_1_12' title='bbox 978 1278 1022 1345; x_wconf 90' lang='lat'><strong>11.</strong></span> 
     </span>
    </p>
   </div>
   <div class='ocr_carea' id='block_1_3' title="bbox 671 1455 1329 1668">
    <p class='ocr_par' dir='ltr' id='par_1_3' title="bbox 671 1455 1329 1668">
     <span class='ocr_line' id='line_1_4' title="bbox 865 1455 1136 1522; baseline 0.004 -2"><span class='ocrx_word' id='word_1_13' title='bbox 865 1455 919 1521; x_wconf 83' lang='lat' dir='ltr'><strong>Ad</strong></span> <span class='ocrx_word' id='word_1_14' title='bbox 942 1455 1136 1522; x_wconf 80' lang='lat' dir='ltr'><strong>EUNDEM</strong></span> 
     </span>
     <span class='ocr_line' id='line_1_5' title="bbox 671 1600 1329 1668; baseline -0.008 -1"><span class='ocrx_word' id='word_1_15' title='bbox 671 1605 863 1668; x_wconf 80' lang='lat' dir='ltr'>CARMEN</span> <span class='ocrx_word' id='word_1_16' title='bbox 888 1602 1295 1666; x_wconf 81' lang='lat' dir='ltr'>GRATULATORIUM</span> <span class='ocrx_word' id='word_1_17' title='bbox 1307 1600 1329 1662; x_wconf 89' lang='lat'><strong>¹.</strong></span> 
     </span>
    </p>
   </div>
   <div class='ocr_carea' id='block_1_4' title="bbox 451 1777 1571 3994">
    <p class='ocr_par' dir='ltr' id='par_1_4' title="bbox 533 1777 1570 2180">
     <span class='ocr_line' id='line_1_6' title="bbox 536 1777 1266 1868; baseline -0.007 -19"><span class='ocrx_word' id='word_1_18' title='bbox 536 1780 763 1849; x_wconf 81' lang='lat' dir='ltr'><strong>Chotkievicio</strong></span> <span class='ocrx_word' id='word_1_19' title='bbox 786 1779 965 1868; x_wconf 82' lang='lat' dir='ltr'><strong>Sumogitiu</strong></span> <span class='ocrx_word' id='word_1_20' title='bbox 988 1801 1092 1867; x_wconf 81' lang='lat' dir='ltr'><strong>nuper</strong></span> <span class='ocrx_word' id='word_1_21' title='bbox 1114 1777 1266 1866; x_wconf 87' lang='lat' dir='ltr'><strong>adempto</strong></span> 
     </span>
     <span class='ocr_line' id='line_1_7' title="bbox 533 1882 1447 1974; baseline -0.002 -23"><span class='ocrx_word' id='word_1_22' title='bbox 533 1887 856 1974; x_wconf 82' lang='lat' dir='ltr'><strong>Patrequerebator,</strong></span> <span class='ocrx_word' id='word_1_23' title='bbox 879 1885 1088 1973; x_wconf 77' lang='lat' dir='ltr'><strong>lacrimisque</strong></span> <span class='ocrx_word' id='word_1_24' title='bbox 1111 1885 1240 1973; x_wconf 75' lang='lat' dir='ltr'>rigabat</span> <span class='ocrx_word' id='word_1_25' title='bbox 1263 1882 1384 1950; x_wconf 90' lang='lat' dir='ltr'><strong>obortis</strong></span> <span class='ocrx_word' id='word_1_26' title='bbox 1443 1940 1447 1949; x_wconf 93' lang='lat'><em>.</em></span> 
     </span>
     <span class='ocr_line' id='line_1_8' title="bbox 535 1987 1570 2077; baseline -0.006 -21"><span class='ocrx_word' id='word_1_27' title='bbox 535 1991 662 2057; x_wconf 84' lang='lat' dir='ltr'><strong>Maesta</strong></span> <span class='ocrx_word' id='word_1_28' title='bbox 682 2012 798 2077; x_wconf 82' lang='lat' dir='ltr'><strong>genas,</strong></span> <span class='ocrx_word' id='word_1_29' title='bbox 828 1988 960 2076; x_wconf 89' lang='lat' dir='ltr'><strong>planctu</strong></span> <span class='ocrx_word' id='word_1_30' title='bbox 991 1990 1147 2056; x_wconf 75' lang='lat' dir='ltr'><strong>incusans</strong></span> <span class='ocrx_word' id='word_1_31' title='bbox 1169 1988 1380 2074; x_wconf 79' lang='lat' dir='ltr'><strong>hominesque</strong></span> <span class='ocrx_word' id='word_1_32' title='bbox 1405 1987 1570 2072; x_wconf 83' lang='lat' dir='ltr'><strong>Deosque:</strong></span> 
     </span>
     <span class='ocr_line' id='line_1_9' title="bbox 535 2091 1365 2180; baseline -0.005 -20"><span class='ocrx_word' id='word_1_33' title='bbox 535 2095 642 2161; x_wconf 86' lang='lat' dir='ltr'><strong>Nacta</strong></span> <span class='ocrx_word' id='word_1_34' title='bbox 663 2094 778 2162; x_wconf 87' lang='lat' dir='ltr'><strong>cadom</strong></span> <span class='ocrx_word' id='word_1_35' title='bbox 800 2104 922 2178; x_wconf 87' lang='lat' dir='ltr'><strong>nutum,</strong></span> <span class='ocrx_word' id='word_1_36' title='bbox 945 2092 1064 2160; x_wconf 82' lang='lat' dir='ltr'><strong>sublati</strong></span> <span class='ocrx_word' id='word_1_37' title='bbox 1089 2092 1190 2160; x_wconf 86' lang='lat' dir='ltr'><strong>oblita</strong></span> <span class='ocrx_word' id='word_1_38' title='bbox 1211 2091 1365 2180; x_wconf 83' lang='lat' dir='ltr'><strong>parentis,</strong></span> 
     </span>
    </p>

    <p class='ocr_par' dir='ltr' id='par_1_5' title="bbox 476 2197 1520 2502">
     <span class='ocr_line' id='line_1_10' title="bbox 476 2197 1417 2280; baseline -0.004 -16"><span class='ocrx_word' id='word_1_39' title='bbox 476 2221 503 2266; x_wconf 89' lang='lat' dir='ltr'><strong>a.</strong></span> <span class='ocrx_word' id='word_1_40' title='bbox 534 2199 665 2266; x_wconf 79' lang='lat' dir='ltr'><strong>Gaudet</strong></span> <span class='ocrx_word' id='word_1_41' title='bbox 687 2208 719 2266; x_wconf 89' lang='lat' dir='ltr'><strong>et</strong></span> <span class='ocrx_word' id='word_1_42' title='bbox 741 2199 892 2267; x_wconf 75' lang='lat' dir='ltr'><strong>exsultat</strong></span> <span class='ocrx_word' id='word_1_43' title='bbox 916 2199 989 2280; x_wconf 77' lang='lat' dir='ltr'><strong>Quo</strong></span> <span class='ocrx_word' id='word_1_44' title='bbox 1012 2223 1048 2266; x_wconf 89' lang='lat' dir='ltr'><strong>se</strong></span> <span class='ocrx_word' id='word_1_45' title='bbox 1071 2199 1154 2266; x_wconf 89' lang='lat' dir='ltr'><strong>duco</strong></span> <span class='ocrx_word' id='word_1_46' title='bbox 1178 2198 1267 2264; x_wconf 81' lang='lat' dir='ltr'><strong>laesa</strong></span> <span class='ocrx_word' id='word_1_47' title='bbox 1289 2197 1417 2264; x_wconf 84' lang='lat' dir='ltr'><strong>beatam</strong></span> 
     </span>
     <span class='ocr_line' id='line_1_11' title="bbox 539 2299 1520 2394; baseline -0.006 -22"><span class='ocrx_word' id='word_1_48' title='bbox 539 2305 669 2372; x_wconf 81' lang='lat' dir='ltr'><strong>Attollit</strong></span> <span class='ocrx_word' id='word_1_49' title='bbox 692 2307 757 2372; x_wconf 87' lang='lat' dir='ltr'><strong>ium</strong></span> <span class='ocrx_word' id='word_1_50' title='bbox 781 2305 871 2372; x_wconf 83' lang='lat' dir='ltr'><strong>caelo</strong></span> <span class='ocrx_word' id='word_1_51' title='bbox 893 2307 1028 2392; x_wconf 85' lang='lat' dir='ltr'><strong>animos,</strong></span> <span class='ocrx_word' id='word_1_52' title='bbox 1049 2327 1196 2394; x_wconf 87' lang='lat' dir='ltr'><strong>quaeque</strong></span> <span class='ocrx_word' id='word_1_53' title='bbox 1218 2304 1323 2371; x_wconf 92' lang='lat' dir='ltr'><strong>imbro</strong></span> <span class='ocrx_word' id='word_1_54' title='bbox 1344 2299 1520 2368; x_wconf 83' lang='lat' dir='ltr'><strong>madebant</strong></span> 
     </span>
     <span class='ocr_line' id='line_1_12' title="bbox 536 2409 1450 2502; baseline -0.007 -22"><span class='ocrx_word' id='word_1_55' title='bbox 536 2413 605 2480; x_wconf 90' lang='lat' dir='ltr'><strong>Ora</strong></span> <span class='ocrx_word' id='word_1_56' title='bbox 627 2437 802 2502; x_wconf 83' lang='lat' dir='ltr'><strong>genaeque,</strong></span> <span class='ocrx_word' id='word_1_57' title='bbox 825 2412 945 2480; x_wconf 85' lang='lat' dir='ltr'><strong>hilares</strong></span> <span class='ocrx_word' id='word_1_58' title='bbox 968 2413 1094 2481; x_wconf 89' lang='lat' dir='ltr'><strong>ducunt</strong></span> <span class='ocrx_word' id='word_1_59' title='bbox 1116 2412 1158 2480; x_wconf 91' lang='lat' dir='ltr'><strong>de</strong></span> <span class='ocrx_word' id='word_1_60' title='bbox 1180 2421 1309 2500; x_wconf 89' lang='lat' dir='ltr'><strong>pectore</strong></span> <span class='ocrx_word' id='word_1_61' title='bbox 1331 2409 1450 2476; x_wconf 86' lang='lat' dir='ltr'><strong>vultus.</strong></span> 
     </span>
    </p>

    <p class='ocr_par' dir='ltr' id='par_1_6' title="bbox 535 2517 1446 2716">
     <span class='ocr_line' id='line_1_13' title="bbox 537 2517 1446 2609; baseline -0.006 -22"><span class='ocrx_word' id='word_1_62' title='bbox 537 2523 588 2608; x_wconf 79' lang='lat' dir='ltr'><strong>Et,</strong></span> <span class='ocrx_word' id='word_1_63' title='bbox 611 2521 695 2589; x_wconf 70' lang='lat' dir='ltr'><strong>dirce</strong></span> <span class='ocrx_word' id='word_1_64' title='bbox 719 2545 812 2590; x_wconf 86' lang='lat' dir='ltr'><strong>caesa</strong></span> <span class='ocrx_word' id='word_1_65' title='bbox 835 2545 902 2604; x_wconf 89' lang='lat' dir='ltr'><strong>suo,</strong></span> <span class='ocrx_word' id='word_1_66' title='bbox 925 2544 1008 2609; x_wconf 94' lang='lat' dir='ltr'><strong>quae</strong></span> <span class='ocrx_word' id='word_1_67' title='bbox 1032 2521 1115 2586; x_wconf 90' lang='lat' dir='ltr'><strong>dura</strong></span> <span class='ocrx_word' id='word_1_68' title='bbox 1138 2521 1224 2587; x_wconf 91' lang='lat' dir='ltr'><strong>ciere</strong></span> <span class='ocrx_word' id='word_1_69' title='bbox 1247 2517 1389 2608; x_wconf 84' lang='lat' dir='ltr'><strong>negabat</strong></span> <span class='ocrx_word' id='word_1_70' title='bbox 1444 2569 1446 2574; x_wconf 91' lang='lat'><em>.</em></span> 
     </span>
     <span class='ocr_line' id='line_1_14' title="bbox 535 2625 1381 2716; baseline -0.001 -24"><span class='ocrx_word' id='word_1_71' title='bbox 535 2628 664 2694; x_wconf 81' lang='lat' dir='ltr'><strong>Proelia</strong></span> <span class='ocrx_word' id='word_1_72' title='bbox 686 2640 718 2695; x_wconf 92' lang='lat' dir='ltr'><strong>ct</strong></span> <span class='ocrx_word' id='word_1_73' title='bbox 740 2628 897 2695; x_wconf 85' lang='lat' dir='ltr'><strong>infestum</strong></span> <span class='ocrx_word' id='word_1_74' title='bbox 920 2626 1081 2716; x_wconf 84' lang='lat' dir='ltr'><strong>depellere</strong></span> <span class='ocrx_word' id='word_1_75' title='bbox 1104 2627 1224 2694; x_wconf 87' lang='lat' dir='ltr'><strong>linibus</strong></span> <span class='ocrx_word' id='word_1_76' title='bbox 1246 2625 1381 2710; x_wconf 83' lang='lat' dir='ltr'><strong>hostem,</strong></span> 
     </span>
    </p>

    <p class='ocr_par' dir='ltr' id='par_1_7' title="bbox 455 2730 1509 2823">
     <span class='ocr_line' id='line_1_15' title="bbox 455 2730 1509 2823; baseline -0.006 -23"><span class='ocrx_word' id='word_1_77' title='bbox 455 2757 502 2800; x_wconf 85' lang='lat' dir='ltr'><strong>ro.</strong></span> <span class='ocrx_word' id='word_1_78' title='bbox 533 2735 636 2800; x_wconf 88' lang='lat' dir='ltr'><strong>Arma</strong></span> <span class='ocrx_word' id='word_1_79' title='bbox 658 2735 768 2802; x_wconf 76' lang='lat' dir='ltr'><strong>fremit</strong></span> <span class='ocrx_word' id='word_1_80' title='bbox 790 2736 958 2823; x_wconf 79' lang='lat' dir='ltr'><strong>posuitque</strong></span> <span class='ocrx_word' id='word_1_81' title='bbox 980 2757 1079 2801; x_wconf 87' lang='lat' dir='ltr'><strong>muno</strong></span> <span class='ocrx_word' id='word_1_82' title='bbox 1103 2754 1296 2802; x_wconf 86' lang='lat' dir='ltr'><strong>concurrere</strong></span> <span class='ocrx_word' id='word_1_83' title='bbox 1318 2733 1353 2798; x_wconf 88' lang='lat' dir='ltr'><strong>in</strong></span> <span class='ocrx_word' id='word_1_84' title='bbox 1376 2730 1509 2796; x_wconf 86' lang='lat' dir='ltr'><strong>hostem.</strong></span> 
     </span>
    </p>

    <p class='ocr_par' dir='ltr' id='par_1_8' title="bbox 625 2834 1567 2929">
     <span class='ocr_line' id='line_1_16' title="bbox 625 2834 1567 2929; baseline -0.007 -21"><span class='ocrx_word' id='word_1_85' title='bbox 625 2842 769 2911; x_wconf 81' lang='lat' dir='ltr'><strong>Barbare</strong></span> <span class='ocrx_word' id='word_1_86' title='bbox 777 2834 1567 2929; x_wconf 64' lang='lat' dir='ltr'><strong>Moschaferundictistumideauloe²loquendq</strong></span> 
     </span>
    </p>

    <p class='ocr_par' dir='ltr' id='par_1_9' title="bbox 534 2945 1422 3252">
     <span class='ocr_line' id='line_1_17' title="bbox 534 2945 1422 3038; baseline -0.003 -23"><span class='ocrx_word' id='word_1_87' title='bbox 534 2949 581 3015; x_wconf 88' lang='lat' dir='ltr'><strong>Te</strong></span> <span class='ocrx_word' id='word_1_88' title='bbox 604 2948 688 3017; x_wconf 89' lang='lat' dir='ltr'><strong>duee</strong></span> <span class='ocrx_word' id='word_1_89' title='bbox 710 2973 786 3016; x_wconf 88' lang='lat' dir='ltr'><strong>mox</strong></span> <span class='ocrx_word' id='word_1_90' title='bbox 810 2949 976 3038; x_wconf 85' lang='lat' dir='ltr'><strong>Samogita</strong></span> <span class='ocrx_word' id='word_1_91' title='bbox 998 2974 1059 3017; x_wconf 91' lang='lat' dir='ltr'><strong>suo</strong></span> <span class='ocrx_word' id='word_1_92' title='bbox 1082 2949 1160 3016; x_wconf 89' lang='lat' dir='ltr'><strong>dure</strong></span> <span class='ocrx_word' id='word_1_93' title='bbox 1183 2958 1274 3038; x_wconf 83' lang='lat' dir='ltr'><strong>terga</strong></span> <span class='ocrx_word' id='word_1_94' title='bbox 1296 2945 1422 3014; x_wconf 87' lang='lat' dir='ltr'><strong>iubebit</strong></span> 
     </span>
     <span class='ocr_line' id='line_1_18' title="bbox 534 3057 1370 3146; baseline 0.001 -25"><span class='ocrx_word' id='word_1_95' title='bbox 534 3058 638 3146; x_wconf 92' lang='lat' dir='ltr'><strong>lnque</strong></span> <span class='ocrx_word' id='word_1_96' title='bbox 661 3057 772 3124; x_wconf 90' lang='lat' dir='ltr'><strong>domos</strong></span> <span class='ocrx_word' id='word_1_97' title='bbox 795 3057 949 3146; x_wconf 89' lang='lat' dir='ltr'><strong>repedare</strong></span> <span class='ocrx_word' id='word_1_98' title='bbox 972 3069 1045 3124; x_wconf 85' lang='lat' dir='ltr'><strong>tuas</strong></span> <span class='ocrx_word' id='word_1_99' title='bbox 1068 3067 1100 3124; x_wconf 89' lang='lat' dir='ltr'><strong>et</strong></span> <span class='ocrx_word' id='word_1_100' title='bbox 1123 3058 1217 3145; x_wconf 79' lang='lat' dir='ltr'><strong>signa</strong></span> <span class='ocrx_word' id='word_1_101' title='bbox 1238 3057 1370 3142; x_wconf 64' lang='lat' dir='ltr'><strong>referre,</strong></span> 
     </span>
     <span class='ocr_line' id='line_1_19' title="bbox 534 3163 1378 3252; baseline 0 -24"><span class='ocrx_word' id='word_1_102' title='bbox 534 3165 709 3252; x_wconf 78' lang='lat' dir='ltr'><strong>Praecipiti</strong></span> <span class='ocrx_word' id='word_1_103' title='bbox 732 3165 792 3230; x_wconf 83' lang='lat' dir='ltr'><strong>vix</strong></span> <span class='ocrx_word' id='word_1_104' title='bbox 815 3175 907 3252; x_wconf 87' lang='lat' dir='ltr'><strong>rapta</strong></span> <span class='ocrx_word' id='word_1_105' title='bbox 931 3164 1022 3252; x_wconf 80' lang='lat' dir='ltr'><strong>fugu3</strong></span> <span class='ocrx_word' id='word_1_106' title='bbox 1046 3188 1111 3230; x_wconf 91' lang='lat' dir='ltr'><strong>non</strong></span> <span class='ocrx_word' id='word_1_107' title='bbox 1135 3186 1227 3229; x_wconf 88' lang='lat' dir='ltr'><strong>arma</strong></span> <span class='ocrx_word' id='word_1_108' title='bbox 1250 3163 1378 3248; x_wconf 91' lang='lat' dir='ltr'><strong>minari,</strong></span> 
     </span>
    </p>

    <p class='ocr_par' dir='ltr' id='par_1_10' title="bbox 454 3269 1571 3779">
     <span class='ocr_line' id='line_1_20' title="bbox 454 3269 1255 3357; baseline 0.002 -24"><span class='ocrx_word' id='word_1_109' title='bbox 454 3291 501 3334; x_wconf 85' lang='lat' dir='ltr'><strong>rs.</strong></span> <span class='ocrx_word' id='word_1_110' title='bbox 531 3269 606 3335; x_wconf 88' lang='lat' dir='ltr'><strong>Non</strong></span> <span class='ocrx_word' id='word_1_111' title='bbox 629 3271 843 3336; x_wconf 89' lang='lat' dir='ltr'><strong>Lituanorum</strong></span> <span class='ocrx_word' id='word_1_112' title='bbox 866 3277 958 3336; x_wconf 91' lang='lat' dir='ltr'><strong>notos</strong></span> <span class='ocrx_word' id='word_1_113' title='bbox 982 3271 1142 3357; x_wconf 84' lang='lat' dir='ltr'><strong>attingere</strong></span> <span class='ocrx_word' id='word_1_114' title='bbox 1165 3269 1255 3355; x_wconf 84' lang='lat' dir='ltr'><strong>fiaes,</strong></span> 
     </span>
     <span class='ocr_line' id='line_1_21' title="bbox 535 3373 1571 3459; baseline 0 -21"><span class='ocrx_word' id='word_1_115' title='bbox 535 3373 634 3439; x_wconf 88' lang='lat' dir='ltr'><strong>Haud</strong></span> <span class='ocrx_word' id='word_1_116' title='bbox 657 3374 808 3441; x_wconf 83' lang='lat' dir='ltr'><strong>dextram</strong></span> <span class='ocrx_word' id='word_1_117' title='bbox 831 3385 999 3459; x_wconf 87' lang='lat' dir='ltr'><strong>armatam,</strong></span> <span class='ocrx_word' id='word_1_118' title='bbox 1028 3374 1117 3440; x_wconf 87' lang='lat' dir='ltr'><strong>haud</strong></span> <span class='ocrx_word' id='word_1_119' title='bbox 1141 3375 1252 3441; x_wconf 91' lang='lat' dir='ltr'><strong>oculos</strong></span> <span class='ocrx_word' id='word_1_120' title='bbox 1274 3373 1424 3440; x_wconf 84' lang='lat' dir='ltr'><strong>attollere</strong></span> <span class='ocrx_word' id='word_1_121' title='bbox 1447 3379 1571 3438; x_wconf 87' lang='lat' dir='ltr'><strong>eontra.</strong></span> 
     </span>
     <span class='ocr_line' id='line_1_22' title="bbox 534 3477 1332 3567; baseline 0.001 -24"><span class='ocrx_word' id='word_1_122' title='bbox 534 3477 659 3544; x_wconf 88' lang='lat' dir='ltr'><strong>Obtutu</strong></span> <span class='ocrx_word' id='word_1_123' title='bbox 681 3481 793 3546; x_wconf 87' lang='lat' dir='ltr'><strong>vicere</strong></span> <span class='ocrx_word' id='word_1_124' title='bbox 816 3479 909 3546; x_wconf 91' lang='lat' dir='ltr'><strong>ducis</strong></span> <span class='ocrx_word' id='word_1_125' title='bbox 932 3479 1046 3567; x_wconf 91' lang='lat' dir='ltr'><strong>procul</strong></span> <span class='ocrx_word' id='word_1_126' title='bbox 1070 3503 1165 3545; x_wconf 88' lang='lat' dir='ltr'><strong>arma·</strong></span> <span class='ocrx_word' id='word_1_127' title='bbox 1183 3481 1332 3564; x_wconf 84' lang='lat' dir='ltr'><strong>teneatis,</strong></span> 
     </span>
     <span class='ocr_line' id='line_1_23' title="bbox 534 3583 1569 3676; baseline 0.001 -28"><span class='ocrx_word' id='word_1_128' title='bbox 534 3583 649 3670; x_wconf 76' lang='lat' dir='ltr'><strong>Quem,</strong></span> <span class='ocrx_word' id='word_1_129' title='bbox 672 3584 763 3651; x_wconf 86' lang='lat' dir='ltr'><strong>velut</strong></span> <span class='ocrx_word' id='word_1_130' title='bbox 785 3608 872 3672; x_wconf 83' lang='lat' dir='ltr'><strong>agua</strong></span> <span class='ocrx_word' id='word_1_131' title='bbox 893 3585 1007 3675; x_wconf 89' lang='lat' dir='ltr'><strong>lupum</strong></span> <span class='ocrx_word' id='word_1_132' title='bbox 1030 3585 1241 3676; x_wconf 87' lang='lat' dir='ltr'><strong>libycumque</strong></span> <span class='ocrx_word' id='word_1_133' title='bbox 1271 3595 1418 3651; x_wconf 86' lang='lat' dir='ltr'><strong>armentu</strong></span> <span class='ocrx_word' id='word_1_134' title='bbox 1442 3585 1569 3650; x_wconf 88' lang='lat' dir='ltr'><strong>leonem</strong></span> 
     </span>
     <span class='ocr_line' id='line_1_24' title="bbox 532 3688 1409 3779; baseline 0.001 -25"><span class='ocrx_word' id='word_1_135' title='bbox 532 3689 743 3777; x_wconf 89' lang='lat' dir='ltr'><strong>Prospectum</strong></span> <span class='ocrx_word' id='word_1_136' title='bbox 767 3688 864 3778; x_wconf 83' lang='lat' dir='ltr'><strong>longo</strong></span> <span class='ocrx_word' id='word_1_137' title='bbox 888 3691 1020 3779; x_wconf 80' lang='lat' dir='ltr'><strong>fugiunt</strong></span> <span class='ocrx_word' id='word_1_138' title='bbox 1043 3692 1261 3779; x_wconf 61' lang='lat' dir='ltr'><strong>exterritisque</strong></span> <span class='ocrx_word' id='word_1_139' title='bbox 1284 3690 1409 3757; x_wconf 88' lang='lat' dir='ltr'><strong>abdunt</strong></span> 
     </span>
    </p>

    <p class='ocr_par' dir='ltr' id='par_1_11' title="bbox 451 3795 1512 3994">
     <span class='ocr_line' id='line_1_25' title="bbox 451 3795 1237 3864; baseline 0.004 -4"><span class='ocrx_word' id='word_1_140' title='bbox 451 3817 499 3860; x_wconf 88' lang='lat' dir='ltr'><strong>so.</strong></span> <span class='ocrx_word' id='word_1_141' title='bbox 531 3795 617 3862; x_wconf 83' lang='lat' dir='ltr'><strong>Altis</strong></span> <span class='ocrx_word' id='word_1_142' title='bbox 639 3820 674 3862; x_wconf 91' lang='lat' dir='ltr'><strong>sc</strong></span> <span class='ocrx_word' id='word_1_143' title='bbox 697 3818 795 3864; x_wconf 88' lang='lat' dir='ltr'><strong>cursu</strong></span> <span class='ocrx_word' id='word_1_144' title='bbox 820 3797 913 3863; x_wconf 85' lang='lat' dir='ltr'><strong>silvis</strong></span> <span class='ocrx_word' id='word_1_145' title='bbox 936 3809 968 3864; x_wconf 89' lang='lat' dir='ltr'><strong>et</strong></span> <span class='ocrx_word' id='word_1_146' title='bbox 991 3797 1129 3864; x_wconf 84' lang='lat' dir='ltr'><strong>saltibus</strong></span> <span class='ocrx_word' id='word_1_147' title='bbox 1153 3797 1237 3864; x_wconf 88' lang='lat' dir='ltr'><strong>imis.</strong></span> 
     </span>
     <span class='ocr_line' id='line_1_26' title="bbox 534 3901 1512 3994; baseline 0.002 -28"><span class='ocrx_word' id='word_1_148' title='bbox 534 3901 686 3969; x_wconf 76' lang='lat' dir='ltr'><strong>vitabis·</strong></span> <span class='ocrx_word' id='word_1_149' title='bbox 707 3905 874 3992; x_wconf 91' lang='lat' dir='ltr'><strong>trepidans</strong></span> <span class='ocrx_word' id='word_1_150' title='bbox 897 3907 1084 3973; x_wconf 86' lang='lat' dir='ltr'><strong>venientem</strong></span> <span class='ocrx_word' id='word_1_151' title='bbox 1107 3916 1204 3994; x_wconf 88' lang='lat' dir='ltr'><strong>atque</strong></span> <span class='ocrx_word' id='word_1_152' title='bbox 1226 3925 1319 3970; x_wconf 87' lang='lat' dir='ltr'><strong>arma</strong></span> <span class='ocrx_word' id='word_1_153' title='bbox 1341 3904 1512 3987; x_wconf 79' lang='lat' dir='ltr'><strong>ferentum3</strong></span> 
     </span>
    </p>
   </div>
   <div class='ocr_carea' id='block_1_5' title="bbox 429 4081 635 4092">
    <p class='ocr_par' dir='ltr' id='par_1_12' title="bbox 429 4081 635 4092">
     <span class='ocr_line' id='line_1_27' title="bbox 429 4081 635 4092; baseline 0 -2"><span class='ocrx_word' id='word_1_154' title='bbox 429 4081 635 4092; x_wconf 78' lang='lat'><em>———-</em></span> 
     </span>
    </p>
   </div>
   <div class='ocr_carea' id='block_1_6' title="bbox 426 4176 1570 4867">
    <p class='ocr_par' dir='ltr' id='par_1_13' title="bbox 426 4176 1570 4605">
     <span class='ocr_line' id='line_1_28' title="bbox 535 4176 1570 4247; baseline 0.002 -16"><span class='ocrx_word' id='word_1_155' title='bbox 535 4176 544 4207; x_wconf 91' lang='lat'><strong>¹</strong></span> <span class='ocrx_word' id='word_1_156' title='bbox 563 4177 641 4231; x_wconf 77' lang='lat' dir='ltr'><strong>Corn.</strong></span> <span class='ocrx_word' id='word_1_157' title='bbox 660 4177 803 4234; x_wconf 71' lang='lat'><strong>272-274</strong></span> <span class='ocrx_word' id='word_1_158' title='bbox 825 4203 850 4225; x_wconf 88' lang='lat'>-</span> <span class='ocrx_word' id='word_1_159' title='bbox 873 4197 924 4233; x_wconf 83' lang='lat' dir='ltr'><strong>oss.</strong></span> <span class='ocrx_word' id='word_1_160' title='bbox 947 4179 1096 4246; x_wconf 78' lang='lat' dir='ltr'><strong>roe-tto,</strong></span> <span class='ocrx_word' id='word_1_161' title='bbox 1114 4181 1143 4232; x_wconf 85' lang='lat' dir='ltr'><strong>in</strong></span> <span class='ocrx_word' id='word_1_162' title='bbox 1162 4187 1274 4247; x_wconf 68' lang='lat' dir='ltr'><strong>auoque</strong></span> <span class='ocrx_word' id='word_1_163' title='bbox 1292 4181 1474 4246; x_wconf 83' lang='lat' dir='ltr'><strong>manuscripto</strong></span> <span class='ocrx_word' id='word_1_164' title='bbox 1491 4195 1570 4246; x_wconf 83' lang='lat' dir='ltr'><strong>praa·</strong></span> 
     </span>
     <span class='ocr_line' id='line_1_29' title="bbox 426 4266 1568 4337; baseline 0.005 -21"><span class='ocrx_word' id='word_1_165' title='bbox 426 4266 569 4319; x_wconf 82' lang='lat' dir='ltr'><strong>mittuntnr</strong></span> <span class='ocrx_word' id='word_1_166' title='bbox 587 4267 669 4320; x_wconf 82' lang='lat' dir='ltr'><strong>haec:</strong></span> <span class='ocrx_word' id='word_1_167' title='bbox 690 4269 747 4333; x_wconf 77' lang='lat' dir='ltr'><strong>„Ar</strong></span> <span class='ocrx_word' id='word_1_168' title='bbox 765 4271 802 4321; x_wconf 88' lang='lat' dir='ltr'><strong>lo.</strong></span> <span class='ocrx_word' id='word_1_169' title='bbox 822 4269 1037 4323; x_wconf 80' lang='lat' dir='ltr'><strong>Chotlrieviciuru</strong></span> <span class='ocrx_word' id='word_1_170' title='bbox 1053 4285 1205 4336; x_wconf 80' lang='lat' dir='ltr'><strong>supremum</strong></span> <span class='ocrx_word' id='word_1_171' title='bbox 1217 4269 1381 4337; x_wconf 69' lang='lat' dir='ltr'><strong>Samogitire</strong></span> <span class='ocrx_word' id='word_1_172' title='bbox 1393 4271 1568 4336; x_wconf 81' lang='lat' dir='ltr'><strong>praesertum,</strong></span> 
     </span>
     <span class='ocr_line' id='line_1_30' title="bbox 426 4355 1567 4427; baseline 0.003 -20"><span class='ocrx_word' id='word_1_173' title='bbox 426 4355 514 4408; x_wconf 81' lang='lat' dir='ltr'><strong>virum</strong></span> <span class='ocrx_word' id='word_1_174' title='bbox 532 4357 689 4409; x_wconf 83' lang='lat' dir='ltr'><strong>illustrem“.</strong></span> <span class='ocrx_word' id='word_1_175' title='bbox 709 4358 843 4425; x_wconf 82' lang='lat' dir='ltr'><strong>Scriptum</strong></span> <span class='ocrx_word' id='word_1_176' title='bbox 861 4374 919 4411; x_wconf 85' lang='lat' dir='ltr'><strong>esse</strong></span> <span class='ocrx_word' id='word_1_177' title='bbox 938 4361 1044 4412; x_wconf 83' lang='lat' dir='ltr'><strong>ridetur</strong></span> <span class='ocrx_word' id='word_1_178' title='bbox 1063 4360 1113 4413; x_wconf 87' lang='lat' dir='ltr'><strong>hoo</strong></span> <span class='ocrx_word' id='word_1_179' title='bbox 1131 4375 1239 4413; x_wconf 71' lang='lat' dir='ltr'><strong>eumen</strong></span> <span class='ocrx_word' id='word_1_180' title='bbox 1253 4359 1371 4426; x_wconf 78' lang='lat' dir='ltr'><strong>antipae</strong></span> <span class='ocrx_word' id='word_1_181' title='bbox 1385 4375 1409 4410; x_wconf 87' lang='lat' dir='ltr'><strong>a.</strong></span> <span class='ocrx_word' id='word_1_182' title='bbox 1424 4357 1567 4427; x_wconf 78' lang='lat' dir='ltr'><strong>1oe4‚qu0</strong></span> 
     </span>
     <span class='ocr_line' id='line_1_31' title="bbox 426 4447 1569 4516; baseline 0.003 -19"><span class='ocrx_word' id='word_1_183' title='bbox 426 4447 541 4497; x_wconf 81' lang='lat' dir='ltr'><strong>Ioannes</strong></span> <span class='ocrx_word' id='word_1_184' title='bbox 560 4447 723 4515; x_wconf 68' lang='lat' dir='ltr'><strong>Samogitim</strong></span> <span class='ocrx_word' id='word_1_185' title='bbox 741 4450 894 4515; x_wconf 80' lang='lat' dir='ltr'><strong>praefectus</strong></span> <span class='ocrx_word' id='word_1_186' title='bbox 912 4456 967 4514; x_wconf 79' lang='lat' dir='ltr'><strong>eat,</strong></span> <span class='ocrx_word' id='word_1_187' title='bbox 993 4455 1041 4501; x_wconf 79' lang='lat' dir='ltr'><strong>aar</strong></span> <span class='ocrx_word' id='word_1_188' title='bbox 1060 4449 1151 4516; x_wconf 85' lang='lat' dir='ltr'><strong>paullo</strong></span> <span class='ocrx_word' id='word_1_189' title='bbox 1169 4454 1243 4516; x_wconf 81' lang='lat' dir='ltr'><strong>post3</strong></span> <span class='ocrx_word' id='word_1_190' title='bbox 1269 4448 1357 4500; x_wconf 80' lang='lat' dir='ltr'><strong>inerat</strong></span> <span class='ocrx_word' id='word_1_191' title='bbox 1381 4449 1495 4504; x_wconf 69' lang='lat' dir='ltr'><strong>ronan</strong></span> <span class='ocrx_word' id='word_1_192' title='bbox 1516 4448 1569 4516; x_wconf 83' lang='lat' dir='ltr'><strong>ipsi</strong></span> 
     </span>
     <span class='ocr_line' id='line_1_32' title="bbox 426 4533 1477 4605; baseline 0.003 -20"><span class='ocrx_word' id='word_1_193' title='bbox 426 4533 491 4588; x_wconf 82' lang='lat' dir='ltr'><strong>hnic</strong></span> <span class='ocrx_word' id='word_1_194' title='bbox 508 4534 586 4601; x_wconf 83' lang='lat' dir='ltr'><strong>libro,</strong></span> <span class='ocrx_word' id='word_1_195' title='bbox 605 4552 683 4602; x_wconf 84' lang='lat' dir='ltr'><strong>quem</strong></span> <span class='ocrx_word' id='word_1_196' title='bbox 702 4552 720 4588; x_wconf 90' lang='lat' dir='ltr'><strong>a</strong></span> <span class='ocrx_word' id='word_1_197' title='bbox 737 4537 836 4603; x_wconf 73' lang='lat' dir='ltr'><strong>Roysio</strong></span> <span class='ocrx_word' id='word_1_198' title='bbox 854 4539 965 4590; x_wconf 87' lang='lat' dir='ltr'><strong>missum</strong></span> <span class='ocrx_word' id='word_1_199' title='bbox 984 4555 1042 4590; x_wconf 84' lang='lat' dir='ltr'><strong>esse</strong></span> <span class='ocrx_word' id='word_1_200' title='bbox 1060 4555 1169 4592; x_wconf 72' lang='lat' dir='ltr'><strong>annea</strong></span> <span class='ocrx_word' id='word_1_201' title='bbox 1188 4539 1337 4605; x_wconf 81' lang='lat' dir='ltr'><strong>proximum</strong></span> <span class='ocrx_word' id='word_1_202' title='bbox 1355 4544 1477 4590; x_wconf 69' lang='lat' dir='ltr'><strong>mutor.</strong></span> 
     </span>
    </p>

    <p class='ocr_par' dir='ltr' id='par_1_14' title="bbox 428 4623 1569 4783">
     <span class='ocr_line' id='line_1_33' title="bbox 534 4623 1569 4695; baseline 0.001 -18"><span class='ocrx_word' id='word_1_203' title='bbox 534 4623 546 4653; x_wconf 70' lang='lat'>³</span> <span class='ocrx_word' id='word_1_204' title='bbox 563 4625 648 4677; x_wconf 84' lang='lat' dir='ltr'><strong>Ossol.</strong></span> <span class='ocrx_word' id='word_1_205' title='bbox 669 4627 785 4690; x_wconf 79' lang='lat' dir='ltr'><strong>„tumide</strong></span> <span class='ocrx_word' id='word_1_206' title='bbox 806 4630 864 4694; x_wconf 68' lang='lat' dir='ltr'><strong>„q”</strong></span> <span class='ocrx_word' id='word_1_207' title='bbox 884 4628 931 4679; x_wconf 82' lang='lat' dir='ltr'><strong>sed</strong></span> <span class='ocrx_word' id='word_1_208' title='bbox 943 4635 1063 4680; x_wconf 86' lang='lat' dir='ltr'><strong>correcto</strong></span> <span class='ocrx_word' id='word_1_209' title='bbox 1078 4631 1136 4694; x_wconf 80' lang='lat' dir='ltr'><strong>„q“.</strong></span> <span class='ocrx_word' id='word_1_210' title='bbox 1157 4629 1185 4680; x_wconf 90' lang='lat' dir='ltr'><strong>iu</strong></span> <span class='ocrx_word' id='word_1_211' title='bbox 1199 4630 1322 4695; x_wconf 80' lang='lat' dir='ltr'><strong>„atqus“.</strong></span> <span class='ocrx_word' id='word_1_212' title='bbox 1342 4629 1403 4694; x_wconf 82' lang='lat' dir='ltr'><strong>lpse</strong></span> <span class='ocrx_word' id='word_1_213' title='bbox 1416 4634 1497 4695; x_wconf 83' lang='lat' dir='ltr'><strong>poeta</strong></span> <span class='ocrx_word' id='word_1_214' title='bbox 1510 4633 1569 4692; x_wconf 79' lang='lat' dir='ltr'><strong>„tu-</strong></span> 
     </span>
     <span class='ocr_line' id='line_1_34' title="bbox 428 4711 1346 4783; baseline 0.009 -22"><span class='ocrx_word' id='word_1_215' title='bbox 428 4711 516 4762; x_wconf 71' lang='lat' dir='ltr'><strong>nius*</strong></span> <span class='ocrx_word' id='word_1_216' title='bbox 537 4715 655 4765; x_wconf 78' lang='lat' dir='ltr'><strong>vocativi</strong></span> <span class='ocrx_word' id='word_1_217' title='bbox 673 4715 731 4766; x_wconf 89' lang='lat' dir='ltr'><strong>loco</strong></span> <span class='ocrx_word' id='word_1_218' title='bbox 749 4715 875 4768; x_wconf 83' lang='lat' dir='ltr'><strong>habuisse</strong></span> <span class='ocrx_word' id='word_1_219' title='bbox 894 4723 922 4767; x_wconf 82' lang='lat' dir='ltr'><strong>et</strong></span> <span class='ocrx_word' id='word_1_220' title='bbox 941 4720 1055 4782; x_wconf 80' lang='lat' dir='ltr'><strong>„atquo“</strong></span> <span class='ocrx_word' id='word_1_221' title='bbox 1075 4717 1214 4783; x_wconf 79' lang='lat' dir='ltr'><strong>scripsisse</strong></span> <span class='ocrx_word' id='word_1_222' title='bbox 1233 4717 1346 4769; x_wconf 77' lang='lat' dir='ltr'><strong>ridetur.</strong></span> 
     </span>
    </p>

    <p class='ocr_par' dir='ltr' id='par_1_15' title="bbox 535 4799 774 4867">
     <span class='ocr_line' id='line_1_35' title="bbox 535 4799 774 4867; baseline 0.008 -15"><span class='ocrx_word' id='word_1_223' title='bbox 535 4799 613 4853; x_wconf 78' lang='lat' dir='ltr'><strong>&#39;Mn</strong></span> <span class='ocrx_word' id='word_1_224' title='bbox 635 4803 774 4867; x_wconf 51' lang='lat' dir='ltr'><strong>„vitatum</strong></span> 
     </span>
    </p>
   </div>
   <div class='ocr_carea' id='block_1_7' title="bbox 0 0 2079 5767">
    <p class='ocr_par' dir='ltr' id='par_1_16' title="bbox 0 0 2079 5767">
     <span class='ocr_line' id='line_1_36' title="bbox 0 0 2079 5767; baseline 0 0"><span class='ocrx_word' id='word_1_225' title='bbox 0 0 2079 5767; x_wconf 95' lang='lat' dir='ltr'><strong> </strong></span> 
     </span>
    </p>
   </div>
  </div>
 </body>
</html>
