4109 5767
1062 356 1196 425 320
2000 374 2183 452 -‘“·¹
2220 374 2397 410 „m

1311 446 1368 454 ,ς’
1722 445 1774 452 --
1917 446 1936 450 -
2436 447 2443 450 -
2495 446 2503 451 -
2544 444 2878 454 -----—0”
2901 446 2994 453 --.—
3115 445 3349 454 ο.---

1063 457 1189 465 --.⁴.
1225 459 1238 464 -
2084 456 2139 463 η-
2174 455 2369 463 ..φ-ι-
2402 456 2456 463 -
3137 458 3349 467 ..—

1390 570 1572 637 Illud
1619 593 1770 637 ama
1814 581 2073 659 tempus
2119 569 2368 658 tibique
2410 568 2577 636 illud
2624 569 2858 658 delige,
2901 592 3164 636 mensae

1277 679 1461 746 Dum
1506 679 1655 768 pius
1699 678 2036 746 accumbit
2080 677 2341 766 praesul
2389 678 2695 767 curisque
2740 676 3010 764 solutus,

1113 807 1211 855 ss.
1274 786 1453 854 Hinc
1498 787 1654 853 inde
1698 784 2066 876 hospitibus
2112 787 2387 873 cinctus,
2430 786 2677 852 ieiunia
2722 784 2934 853 solvit.

1388 895 1461 965 Si
1505 908 1572 964 te
1615 895 1811 962 hilari
1856 895 2121 986 praesul
2166 896 2464 986 laetoque
2509 896 2840 985 aspexerit
2882 919 3013 984 ore,

1276 1004 1577 1093 Dignum
1621 1004 1831 1071 oculis
1876 1016 2061 1071 ratus
2105 1028 2251 1072 esse
2296 1005 2452 1091 suis,
2510 1016 2611 1071 est
2654 1004 2967 1093 quicquid
3012 1003 3373 1092 bonomi—nr

1278 1112 1725 1197 contemnam,
1769 1123 1871 1178 est
1913 1123 1979 1179 et
2023 1110 2336 1201 quicquid
2383 1135 2604 1200 opum:
2649 1112 2959 1178 Pactolus
3005 1134 3203 1177 arena

1277 1217 1493 1286 Fulva
1538 1218 1702 1289 alios
1746 1220 1929 1284 iuvet
1972 1229 2036 1284 et
2080 1218 2276 1306 pleno
2319 1217 2544 1305 Tagus
2588 1218 2841 1284 aurifer
2884 1240 3093 1303 amne,

1115 1346 1212 1389 so,
1274 1323 1804 1411 Gemmiferoque
1852 1323 2065 1389 undas
2111 1326 2541 1389 commiscens
2588 1324 2878 1390 Hermus
2924 1324 3246 1414 Hydaspi.

1279 1429 1464 1497 Haec
1509 1429 1691 1517 alios,
1737 1452 1841 1496 me
1885 1430 2181 1518 pontifici
2225 1429 2552 1519 placuisse
2596 1429 2973 1497 Guilhelmo

1280 1537 1551 1623 luvet-it,
1596 1536 1935 1604 excelsum
1978 1538 2094 1624 qui
2139 1537 2379 1602 animis
2425 1537 2558 1601 iam
2603 1535 2821 1625 pulsat
2866 1535 3245 1627 Olympum,

1280 1642 1492 1732 Seque
1536 1644 1668 1710 aris
1713 1644 1950 1710 vivens
1994 1643 2270 1731 dignum
2317 1644 2478 1709 facit
2520 1666 2666 1709 esse
2710 1643 2965 1710 dicatis.

2162 2232 2264 2296 11.

1699 2421 1808 2490 Ad
1855 2423 2277 2491 IOANNEM
2321 2422 2710 2491 LANGUM

1552 2552 1940 2619 (mammam
1976 2552 2271 2617 Quiritium
2306 2552 2456 2614 tegi·
2492 2560 2770 2603 oratorem
2796 2549 2856 2616 ⁸).

1274 2709 1519 2796 Lange,
1564 2719 1904 2797 poetarum
1951 2706 2319 2774 clarissima
2364 2708 2543 2774 fama
2589 2729 2943 2794 sacrorum,

1379 2815 1675 2881 Maxima
1721 2814 1992 2883 Silesiae
2037 2814 2267 2904 gloria,
2313 2816 2558 2902 Lange,
2605 2825 2780 2898 tuae;

1275 2922 1520 3009 Lange,
1567 2922 1768 2990 decus
1814 2921 2079 3006 Phoebi,
2123 2944 2479 3008 musarum,
2522 2921 2770 3009 Lange,
2814 2943 3122 3009 propago,

1381 3029 1594 3110 Quem
1639 3050 1879 3117 magno
1925 3029 2249 3095 anteferat
2290 3027 2564 3094 Mantua
2610 3026 2933 3115 Vergilio:

1249 3275 1294 3326 ⁶⁸
1332 3297 1563 3350 Carmen
1601 3297 1702 3349 hoc
1737 3298 1795 3347 iu
1830 3298 1987 3349 ossol.
2028 3297 2191 3348 semel
2229 3295 2357 3363 (130
2394 3297 2511 3364 sq.),
2560 3297 2619 3348 in
2669 3298 2867 3350 coruic.
2918 3296 3002 3348 bis
3054 3313 3141 3364 με.
3176 3294 3249 3349 92
3294 3302 3348 3347 et

1058 3382 1165 3438 249
1203 3385 1463 3452 scriptum
1497 3385 1713 3453 legitur.
1752 3386 1935 3437 Verba
1973 3386 2382 3451 „Maximiliani,
2413 3386 2703 3449 Quiritium
2729 3386 2870 3453 regis
2895 3388 3190 3437 oratorem“
3225 3390 3343 3436 tan-

1062 3479 1176 3525 tum
1213 3474 1269 3524 in
1306 3462 1503 3526 coruic.
1544 3490 1631 3542 με.
1670 3473 1741 3528 92
1779 3481 1905 3526 suut
1942 3474 2232 3541 adscripta.
2297 3475 2566 3542 Scriptum
2616 3481 2697 3527 est
2747 3475 2849 3527 hoc
2897 3489 3117 3527 carmon
3163 3481 3258 3525 aut
3296 3488 3344 3524 a.

1063 3562 1221 3629 1562,
1257 3580 1362 3631 quo
1400 3564 1821 3630 Maximilianus,
1858 3566 2220 3618 Romanorum
2256 3581 2351 3616 rex
2395 3573 2477 3617 est
2512 3565 2836 3630 declaratus,
2894 3572 2990 3617 aut
3024 3563 3175 3616 brevi
3212 3570 3346 3631 post,

1060 3662 1187 3706 ante
1225 3670 1276 3705 a.
1317 3653 1473 3719 1564,
1510 3671 1615 3721 quo
1651 3654 1793 3706 idem
1817 3655 2109 3722 imperator
2133 3656 2456 3707 Germaniae
2480 3663 2564 3708 est
2589 3657 2783 3708 factus.
2823 3655 2905 3707 De
2930 3656 3131 3706 Ioanne
3158 3655 3345 3720 Lange

1056 3742 1305 3811 (Lange),
1356 3744 1645 3795 Prsistadii
1682 3745 1741 3795 in
1778 3745 1909 3795 urbe
1947 3745 2171 3796 silesiae
2208 3752 2354 3810 nato,
2405 3745 2497 3811 qui
2534 3746 2591 3796 in
2627 3743 2959 3797 cracoviensi
2996 3742 3346 3794 universitate

1059 3832 1325 3898 quondam
1366 3832 1625 3884 educatus
1662 3848 1757 3899 per
1793 3833 1989 3884 multos
2026 3849 2214 3895 anuos.
2252 3832 2465 3901 leg-atus
2502 3832 2830 3885 Perdinandi
2853 3833 2878 3883 1
2911 3841 2968 3884 st
2990 3830 3345 3882 Maximiliani

1059 3921 1111 3971 11
1149 3921 1548 3987 imperatorum,
1585 3922 1643 3971 iu
1681 3922 2006 3989 Sigismundi
2042 3924 2069 3973 1
2108 3930 2162 3974 et
2198 3921 2525 3990 Sigismundi
2555 3922 2785 3989 Augusti
2822 3920 2949 3973 aula
2984 3918 3346 3971 commoraba-

1060 4017 1149 4061 tur
1185 4011 1473 4078 multisque
1511 4010 1813 4078 insignibus
1850 4011 2066 4064 Polonis
2116 4011 2459 4065 familiariter
2494 4012 2764 4076 utebatur,
2815 4010 2988 4070 {usius
3037 4009 3158 4077 agit
3190 4008 3347 4060 Os‘so-

1060 4098 1226 4151 liuski
1262 4099 1459 4167 (Wiad.
1498 4099 1641 4166 kryt.
1680 4099 1733 4154 h.
1772 4102 1843 4165 11,
1881 4117 1967 4169 με.
2006 4100 2129 4155 205.
2176 4109 2231 4153 et
2266 4102 2516 4167 Jauocki,
2553 4100 2779 4154 Miscell.
2819 4102 2863 4167 Ι,
2902 4100 3062 4163 Lxl).
3121 4099 3347 4150 Carmen

1058 4190 1175 4241 eius
1214 4206 1467 4258 graecum
1517 4196 1680 4257 utque
1718 4190 1948 4243 latinum
1997 4193 2054 4243 iu
2103 4199 2328 4244 mortem
2377 4191 2640 4244 Samuelis
2688 4188 3083 4256 Maciejowslri,
3133 4187 3347 4256 quicum

1061 4280 1323 4348 singulari
1363 4280 1608 4334 amicitia
1642 4289 1759 4332 erat
1797 4282 2134 4348 coniunctus,
2172 4299 2220 4334 a.
2262 4281 2403 4335 1550
2426 4281 2779 4350 compositum
2815 4286 2994 4332 exstat
3028 4280 3086 4331 in
3117 4277 3348 4330 editione

1060 4369 1249 4435 Roysii
1286 4370 1491 4421 Noniae
1528 4369 1782 4422 defuncto
1818 4370 2154 4437 Maciejowio
2193 4371 2405 4423 dicatas
2441 4371 2841 4437 Gracoviaeque
2884 4385 2936 4421 a.
2975 4367 3119 4421 1550
3154 4367 3358 4419 editae-

1060 4455 1213 4507 Cous.
1253 4456 1409 4507 huius
1448 4458 1696 4510 editionis
1737 4460 1864 4510 tomi
1902 4461 1954 4510 11
1993 4475 2080 4526 pg.
2121 4459 2191 4511 52
2229 4475 2309 4524 sq.

1788 4553 1810 4580 Ο
