4109 5767
504 779 570 846 134
992 866 1085 874 —

529 1071 535 1080 Ι
608 993 759 1080 Augusto
781 991 851 1080 regi
873 995 1062 1080 angustent
1085 989 1176 1079 vigil
1199 991 1263 1056 istu
1286 989 1475 1080 cubnnsque

607 1097 739 1186 (logias
759 1099 795 1165 in
817 1099 950 1186 somnis,
971 1099 1121 1185 interque
1143 1097 1225 1164 haec
1247 1096 1317 1164 sula
1339 1097 1479 1186 quietem

608 1204 797 1274 Occurrunt
819 1205 938 1291 auimo,
960 1204 1105 1272 declinat
1127 1203 1254 1271 lumina
1276 1228 1389 1271 somno

528 1335 575 1380 na.
606 1311 642 1381 Si
664 1312 805 1402 qnando.
826 1313 913 1379 Nam
936 1312 1027 1380 clara
1049 1313 1152 1403 putris
1175 1313 1402 1402 celebrataque
1424 1315 1530 1381 virtus

609 1420 679 1486 Vix
700 1420 796 1488 illum
817 1420 959 1488 dormire
981 1423 1107 1502 sinunt3
1130 1443 1229 1510 quam
1251 1431 1346 1509 turpe
1369 1422 1527 1508 nefasque

610 1526 684 1593 Non
707 1550 848 1615 aequare
869 1538 970 1616 putet,
994 1550 1214 1618 superareque
1235 1529 1352 1593 nititur
1374 1526 1494 1593 audax.

702 1635 803 1701 Hunc
824 1635 917 1722 liber,
939 1633 1028 1701 hunc
1044 1633 1152 1721 adeas,
1174 1645 1269 1723 teque
1285 1633 1375 1700 illius
1390 1635 1497 1700 insere
1512 1632 1646 1700 dextrae

609 1741 807 1830 Intrepidus,
828 1764 906 1807 num
928 1741 994 1808 tela
1016 1741 1094 1808 licet
1117 1743 1278 1810 mavortia
1301 1751 1426 1829 tractet,

527 1871 578 1916 ao.
607 1849 763 1917 Nostrum
778 1861 866 1917 amat
881 1861 915 1917 ct
925 1850 1070 1917 studium
1082 1850 1153 1936 hoc,
1168 1849 1279 1917 illum²
1289 1872 1351 1917 nec
1362 1872 1515 1938 spernere
1527 1851 1578 1916 iss
1589 1859 1649 1916 eat

610 1957 722 2045 (luins,
745 1957 783 2045 si,
805 1981 925 2024 munus
948 1959 1002 2046 sis,
1025 1958 1156 2045 dixerit,
1179 1981 1250 2026 esse
1271 1958 1376 2052 Royui

609 2063 793 2153 Responde,
814 2064 971 2132 Albertus
994 2068 1090 2133 cuius
1112 2077 1191 2134 tunc
1214 2078 1344 2156 pectore
1366 2067 1493 2134 Luscus

610 2171 761 2259 Excidet,
783 2174 917 2238 immoto
940 2174 1040 2240 stabit
1062 2196 1138 2239 cum
1162 2172 1268 2240 sidere
1290 2173 1444 2263 phoebus,

612 2277 805 2367 Oblitusque
828 2281 879 2345 sui
903 2303 1019 2347 cursus
1043 2279 1203 2347 inhibebit
1225 2281 1386 2370 olympus,

529 2407 578 2453 aa.
608 2384 774 2473 Terraque
797 2408 856 2475 pro
879 2386 970 2453 caelo
992 2386 1149 2454 distincta
1171 2387 1356 2454 movebitur
1378 2387 1474 2454 astris

612 2489 840 2581 Oceanumque
862 2516 959 2559 suum
982 2503 1081 2582 utque
1104 2517 1200 2560 suum
1223 2494 1435 2562 meditabitur
1457 2505 1575 2581 ortum,

612 2599 810 2689 Algebitque
832 2611 938 2667 aeetae
961 2600 1153 2690 ardebitque
1174 2601 1308 2668 horrida
1330 2601 1455 2689 bruma,

612 2707 653 2773 In
676 2707 858 2797 fluviosque
880 2709 980 2774 maris
1003 2731 1160 2797 magnum
1183 2707 1414 2777 exonerabitur
1437 2731 1566 2796 aequor,

613 2817 722 2904 Atque
744 2839 821 2882 suas
842 2815 992 2905 linquent
1015 2816 1176 2904 fugientia
1198 2817 1335 2883 flumina
1356 2817 1454 2906 ripas,

532 2941 581 2989 ao.
611 2922 651 2987 In
675 2922 862 3010 mediosque
885 2922 987 2990 fluent
1010 2925 1143 2989 mutatis
1166 2923 1317 2990 cursibus
1341 2945 1445 3010 agros.

1056 3133 1100 3199 Π

935 3256 989 3324 De
1015 3257 1222 3326 EODEM

615 3382 681 3465 Qui
703 3403 860 3470 magnum
884 3383 1012 3448 conaris
1036 3381 1200 3449 Achillem
1222 3383 1366 3473 pingere,
1388 3381 1543 3469 Achilles,
1561 3419 1607 3431 -

615 3489 720 3578 Pinge
742 3502 835 3555 tuum
858 3490 1009 3577 Luscum,
1034 3490 1191 3577 Sarmata,
1215 3529 1258 3538 -
1281 3491 1389 3580 pictus
1412 3491 1482 3558 erit

1051 3684 1112 3750 III.

845 3809 885 3874 In
908 3809 1052 3896 effigiem
1079 3808 1284 3876 EIUSDEM
1295 3815 1317 3875 ⁴.

617 3927 714 3994 Hanc
737 3925 851 4018 procul
872 3925 1016 4014 effigiem
1040 3926 1154 3993 Venus
1177 3935 1212 3992 ut
1234 3925 1454 4016 pulcherrima
1476 3924 1569 4013 vidit,

616 4035 776 4123 Accessit,
797 4035 936 4101 Martem
960 4033 1039 4099 dum
1063 4046 1156 4123 putat
1178 4057 1249 4102 esse
1272 4057 1376 4100 suum.

620 4338 761 4392 ‘Carmen
786 4339 837 4392 buc
861 4339 990 4404 scriptum
1015 4356 1074 4393 esse
1099 4340 1204 4392 videtur
1229 4348 1292 4394 ants
1317 4355 1341 4391 a
1366 4339 1445 4406 1559,
1468 4341 1594 4408 quonlam
1612 4355 1654 4404 sa,

510 4443 580 4497 quae
598 4427 634 4483 ab
646 4428 756 4481 Alberto
774 4430 862 4481 Luco
880 4434 940 4495 pcat
958 4445 1019 4480 eum
1039 4445 1139 4481 annum
1152 4431 1179 4480 iu
1192 4429 1324 4483 Valscbia
1335 4436 1414 4498 gesta
1426 4437 1497 4496 sunt,
1516 4445 1569 4482 uon
1582 4444 1653 4483 ccm-

510 4526 700 4571 memorantur.
738 4519 814 4572 Cous.
843 4519 951 4570 Bibliut.
976 4519 1123 4586 crdynaeyi
1148 4519 1325 4572 Krasinskich
1357 4536 1378 4572 r.
1410 4519 1495 4584 1368,
1532 4519 1655 4572 llruulka

510 4614 557 4661 atr.
575 4606 594 4663 t
612 4625 638 4660 n.

619 4697 752 4752 'domic
775 4698 884 4763 „illud“.

620 4785 727 4841 'Corn
746 4788 800 4842 322
817 4811 842 4834 ι-
861 4805 912 4841 oss.
931 4787 993 4843 234.

618 4877 726 4929 ‘Com
746 4878 799 4929 322
818 4895 857 4945 aq.
882 4900 906 4922 ο
931 4895 983 4930 uss.
1004 4878 1065 4931 235.
