4109 5767
590 1042 637 1103 tlt.
667 1044 711 1103 De
731 1042 840 1115 Royatt
861 1042 1003 1117 tngenlo,
1022 1041 1168 1103 moribus
1187 1041 1374 1116 habituque.

517 1206 570 1273 De
591 1206 710 1296 Royaii
730 1207 862 1294 ingenio
884 1204 1102 1293 moribusque7
1126 1227 1202 1272 eum
1225 1207 1290 1271 iam
1314 1228 1413 1294 supra
1427 1206 1558 1273 idoneis

410 1310 491 1377 loeis
514 1313 701 1397 memoravi,
724 1324 794 1379 tum
817 1311 879 1378 hoe
901 1310 973 1377 loeo
996 1310 1147 1377 addenda
1169 1310 1330 1398 quaedam
1351 1322 1385 1377 et
1407 1310 1448 1377 ad
1465 1333 1557 1378 eom·

411 1438 543 1483 munem
564 1417 724 1483 rationem
739 1417 925 1483 revoeanda
940 1416 1104 1500 ridentur,
1126 1425 1162 1481 ut
1177 1416 1257 1482 viva
1278 1414 1427 1483 defuncti
1445 1417 1558 1503 imago

410 1521 648 1609 quadamtenus
670 1523 808 1589 exeitari
831 1523 942 1611 possit.
979 1523 1061 1587 Erat
1083 1530 1214 1607 natura,
1243 1530 1353 1609 utpote
1376 1521 1557 1609 Hispanus,

411 1628 520 1694 animo
542 1627 654 1695 mobili
678 1639 775 1717 atqua
796 1627 961 1714 irritabili,
985 1626 1044 1694 sed
1065 1626 1208 1694 eandido
1230 1626 1479 1714 liberaliumque
1501 1648 1557 1693 ar-

410 1734 503 1820 tium,
525 1734 601 1801 boni
625 1736 784 1825 aequique
806 1734 959 1803 studioso.
982 1736 1036 1803 lix
1059 1734 1174 1824 patria,
1197 1734 1254 1801 nbi
1276 1734 1453 1801 auotoritas
1472 1756 1557 1823 pon-

410 1838 510 1906 tifieis
532 1842 667 1907 maximi
689 1842 848 1929 regisque,
871 1841 973 1907 altero
997 1840 1137 1908 alterum
1159 1840 1346 1925 adiuvante,
1375 1839 1556 1927 plurimum

410 1944 562 2033 pollebat,
584 1948 704 2035 quique
726 1958 797 2013 tum
819 1946 991 2035 regnabat,
1022 1946 1171 2033 Carolus,
1192 1947 1369 2035 imperator
1390 1966 1558 2031 romanus,

410 2070 477 2117 non
499 2050 604 2119 solum
632 2054 771 2139 nomine7
802 2053 860 2120 sed
891 2054 989 2121 etiam
1020 2053 1155 2121 ditionis
1185 2052 1399 2142 amplitudine
1428 2052 1556 2140 antiqui

410 2160 536 2225 romani
560 2159 686 2249 imperii
707 2162 883 2249 potentiam
898 2159 1167 2251 splendoremque
1183 2182 1357 2227 renovasse
1372 2157 1558 2245 videbatur,

410 2266 562 2355 pietatem
586 2269 866 2357 reverentiamque
889 2292 968 2358 erga
995 2278 1165 2358 utrumque
1187 2276 1376 2359 potestatem
1408 2266 1558 2358 Roynius

409 2374 445 2439 in
475 2374 605 2443 Italiam
629 2377 762 2444 allatam
792 2377 902 2467 ibique
929 2377 1152 2447 confirmatum
1184 2376 1227 2444 ud
1257 2376 1395 2444 Polonos
1425 2373 1555 2442 adtulit.

409 2480 616 2572 Quamquam
639 2486 742 2573 igitur
763 2506 838 2552 eum
861 2485 1150 2574 praestantissimis
1180 2486 1215 2551 in
1245 2483 1380 2551 Polonia
1402 2483 1478 2550 lidei
1501 2504 1556 2549 re-

409 2590 650 2679 formatoribus,
665 2592 800 2659 Andrea
810 2593 966 2680 Trieesio,
982 2594 1091 2659 Frioio
1106 2592 1285 2679 Modrerio,
1300 2590 1437 2659 Nieolao
1451 2591 1557 2680 Reyo,

407 2695 543 2763 Andrea
565 2697 715 2783 waleno,
737 2699 860 2764 Ioanne
882 2699 1034 2785 liminio,
1057 2698 1241 2765 studiorum
1264 2699 1448 2784 artiumque
1469 2694 1554 2763 libe-

409 2801 528 2867 ralium
551 2804 779 2870 eommunione
801 2812 936 2889 traetus,
959 2805 1124 2871 amicitiae
1145 2802 1288 2870 mnoulis
1311 2811 1382 2868 erut
1397 2801 1557 2869 eoniuno-

409 2918 471 2994 tna,
493 2907 705 2975 nibilominus
728 2919 836 2976 mmen
860 2911 892 2975 in
917 2911 974 2996 eis,
996 2933 1080 3000 quae
1102 2910 1225 2999 scripta
1239 2907 1380 2997 reliquit,
1403 2918 1435 2973 et
1450 2928 1556 2996 papae

409 3023 443 3081 et
465 3016 590 3081 erasmi
614 3014 699 3082 lidus
722 3014 916 3104 deditusque
939 3018 1108 3105 reperitur.
1131 3017 1172 3082 In
1187 3013 1359 3081 navandae
1374 3014 1461 3080 enirn
1475 3012 1553 3079 lidei

410 3120 519 3187 madia
549 3122 670 3210 passim
699 3122 876 3209 invehitur,
914 3122 956 3189 ad
986 3123 1100 3190 eadem
1132 3121 1313 3190 ooeroenda
1345 3120 1558 3209 pontitieibna

409 3230 555 3293 romanis
577 3231 629 3295 ins
652 3229 753 3317 gladii
777 3230 940 3316 eoneedit,
963 3230 1220 3318 inquisitionem,
1242 3251 1341 3319 quam
1363 3238 1495 3314 vocant,
1519 3227 1554 3292 in

411 3332 573 3423 Hispania
592 3336 767 3425 rigentem,
783 3338 980 3425 comprobat,
995 3336 1105 3406 Oaroli
1120 3336 1153 3402 V
1168 3335 1299 3403 fortuna
1314 3332 1433 3403 bellios
1451 3356 1556 3423 aeque

409 3463 450 3509 ae
481 3442 730 3511 reformatorum
761 3443 911 3512 oladibus
940 3444 1095 3532 laetatur,
1133 3466 1297 3513 mesarem
1332 3443 1374 3510 de
1406 3441 1558 3509 hostibus

409 3550 581 3617 victoriam
611 3562 851 3640 reportaturum
877 3554 1079 3620 vatieinatur
1107 3553 1409 3639 reformationisque
1439 3548 1557 3616 turbas

411 3668 500 3725 uerte
522 3658 564 3724 ad
587 3661 764 3747 genuinam
787 3660 884 3726 fidem
909 3659 1147 3728 emendandam
1167 3669 1264 3748 atque
1279 3656 1554 3725 oorroborandam

410 3763 586 3832 eollaturas
609 3766 776 3833 eontendit
805 3767 862 3853 (II,
885 3768 951 3835 303
974 3788 1034 3854 sq.;
1067 3768 1133 3834 325
1157 3789 1217 3854 sqq
1247 3767 1326 3848 3363
1357 3764 1557 3846 att-34&

410 3872 491 3954 3453
514 3874 592 3955 3533
615 3874 807 3955 354—3563
828 3874 939 3941 Deoia.
955 3874 1069 3939 lituan.
1084 3873 1144 3959 IV,
1160 3875 1239 3956 2523
1255 3872 1286 3959 Ι,
1301 3873 1367 3938 263
1383 3894 1450 3959 sqq.
1466 3870 1557 3953 alia).

409 3976 524 4064 Neque
553 3980 593 4047 si.
612 3991 726 4045 nunna
755 3979 895 4045 Paulum
922 3979 972 4045 1v
1003 3980 1188 4067 pontifieem
1219 3977 1342 4066 aliquot
1371 3976 1557 4043 versiculos
1600 3982 1603 3988 '

409 4082 546 4148 seerbos
568 4084 777 4171 conseripsit,
807 4083 881 4150 ideo
904 4083 1084 4150 deseivisae
1114 4104 1135 4147 a
1164 4106 1200 4149 se
1229 4092 1280 4147 eat
1305 4078 1557 4162 existimandus,

410 4188 629 4255 resonandum
653 4189 740 4255 enim
763 4199 813 4255 est
827 4189 909 4256 illud
926 4189 967 4255 ad
985 4189 1168 4277 singulares
1184 4188 1334 4273 rationes,
1356 4209 1437 4275 quas
1453 4207 1557 4274 snpra

410 4293 444 4360 in
461 4294 556 4361 tertia
571 4295 668 4362 buius
684 4295 921 4364 dissertationis
937 4305 1029 4385 partu
1045 4292 1553 4385 (pg.xx1)ex1mui.cearum

411 4403 482 4493 ipso
490 4401 671 4472 litterarum
680 4404 884 4494 antiquarum
896 4404 1185 4491 studiaoommuni
1193 4400 1558 4493 quodamburuanitatia

409 4508 606 4601 linguaeque
628 4510 760 4579 vineulo
783 4511 931 4579 diversas
955 4512 1104 4578 nationes
1123 4510 1354 4595 eonsooiantis,
1377 4508 1555 4599 imprimis-

409 4642 473 4707 que
494 4619 546 4686 ius
569 4643 750 4708 romanum,
773 4622 948 4711 praeeipua
969 4621 1087 4713 Royaii
1111 4643 1199 4706 eura,
1222 4620 1265 4687 ad
1288 4619 1429 4708 speeiem
1453 4618 1557 4685 maie·

410 4728 503 4793 statis
526 4728 652 4795 romani
675 4729 802 4818 imperii
826 4729 936 4796 animo
958 4727 1211 4817 amplexandam
1234 4750 1310 4794 eum
1333 4723 1555 4813 impellebant.

408 4834 468 4900 Ius
490 4835 577 4900 enim
600 4857 771 4901 romanum
794 4836 881 4925 apud
911 4858 986 4903 eum
1017 4860 1082 4902 non
1113 4835 1217 4902 solum
1248 4834 1335 4901 idem
1358 4843 1408 4901 eat
1437 4855 1477 4900 ae
1499 4832 1556 4898 ius
