4109 5767
634 812 706 862 LXX
1124 828 1281 864 sarsurio.

737 1018 841 1107 Saepe
864 1019 954 1107 ipsae
977 1018 1101 1107 primae
1124 1018 1300 1085 ultimseve
1323 1018 1497 1085 verborum
1529 1016 1677 1108 syllabae
1707 1020 1766 1083 iam

630 1126 800 1194 sufficiunt
822 1126 864 1192 ad
889 1138 997 1218 aptam
1020 1126 1221 1217 parschesim
1246 1126 1323 1193 inde
1346 1126 1583 1214 proferendam.
1613 1128 1674 1215 Ito,
1695 1150 1766 1195 curn

629 1236 841 1306 Gedanensss
862 1248 1005 1325 accusat,
1027 1236 1114 1329 quod
1130 1237 1269 1305 Polooos
1284 1249 1449 1305 senatores
1465 1261 1544 1305 auro
1561 1239 1767 1327 corruperint,

630 1359 666 1416 ut
690 1348 817 1416 mitiore
839 1372 942 1438 poena
966 1372 1023 1439 pru
1046 1347 1175 1416 delictis
1198 1348 1416 1431 allicerentur,
1449 1348 1558 1415 utitur,
1580 1348 1683 1416 altero
1705 1346 1768 1415 Gu-

629 1458 706 1525 dani
738 1460 828 1525 urhis
859 1459 989 1524 nomino
1019 1459 1279 1547 Dentiscumquo
1309 1457 1502 1547 appellando
1538 1460 1655 1545 premit
1689 1457 1767 1523 duas

628 1568 751 1655 primas
774 1565 871 1631 huius
893 1566 1036 1631 nominis
1062 1564 1208 1656 syllabas
1237 1567 1329 1653 quasi
1359 1566 1566 1653 largitionem
1598 1576 1768 1652 arguentes

628 1674 668 1759 (Ι,
691 1673 766 1759 290,
789 1674 815 1759 Ι,
838 1682 871 1739 et
894 1671 950 1755 ΙΙ).
988 1670 1145 1740 Similiter
1174 1696 1216 1737 ex
1248 1673 1361 1737 formis
1393 1674 1617 1738 vocativorum
1648 1672 1767 1758 Zalevi,

627 1780 881 1864 Krzcaonovici,
912 1777 1128 1845 Ohodkievici
1152 1781 1269 1867 repetit
1299 1792 1373 1868 apte
1396 1778 1559 1844 vocabula
1582 1778 1688 1865 ,tevit
1712 1771 1781 1864 (Il,

628 1887 703 1972 261,
726 1886 791 1971 68),
817 1886 929 1973 ,νίῑί1ιι
955 1886 1013 1973 (ΙΙ,
1036 1887 1111 1970 201,
1134 1888 1187 1971 26,
1211 1888 1253 1972 8),
1283 1887 1432 1974 ,vicisti“
1467 1885 1524 1971 (11,
1549 1888 1623 1970 126,
1646 1885 1767 1972 XVII),

627 2016 669 2059 ex
693 1993 799 2059 forma
821 1993 1007 2059 'Parnavius
1030 1992 1227 2059 adiectivum
1254 1995 1389 2080 ,avius“
1414 1993 1472 2077 (ΙΙ,
1495 1995 1570 2079 247,
1593 1996 1646 2078 62,
1662 1994 1704 2078 8),
1727 2016 1767 2058 ex

628 2102 778 2167 vocativo
800 2100 937 2167 Petauni
961 2100 1111 2167 dativum
1137 2103 1233 2188 ,uni“
1259 2101 1316 2187 (ΙΙ,
1342 2104 1414 2188 131,
1441 2103 1481 2185 1),
1511 2124 1553 2166 ex
1582 2102 1686 2166 forma
1709 2100 1768 2165 tal-

626 2206 726 2273 herus
749 2207 990 2272 substantivum
1018 2206 1156 2291 „herusl
1180 2208 1220 2289 (Ι,
1243 2210 1318 2292 298,
1340 2208 1385 2289 ΙΙ,
1410 2211 1451 2290 1).

736 2312 900 2377 Ausonius
925 2323 1018 2399 poeta
1041 2312 1127 2377 hanc
1149 2314 1284 2378 nimiam
1308 2312 1477 2400 levemque
1507 2315 1541 2378 in
1569 2311 1770 2378 carminibus

629 2420 697 2485 suis
719 2420 900 2489 minorihus
923 2430 1025 2485 artem
1057 2420 1256 2505 ostentabat,
1287 2431 1323 2484 ut
1352 2418 1559 2485 lrexamstros
1589 2417 1769 2507 dactylicos

628 2528 783 2593 continuo
794 2526 1028 2618 monosyllabis
1041 2526 1216 2613 clauderet,
1238 2550 1470 2615 nonnunquam
1487 2528 1585 2592 etiam
1605 2527 1770 2614 inciperet.

629 2637 668 2702 lu
691 2658 827 2724 quorum
851 2658 987 2701 numero
1015 2658 1115 2701 unum
1146 2658 1278 2701 carmen
1310 2635 1372 2702 hoa
1401 2634 1499 2702 habet
1529 2632 1704 2721 singulare,
1736 2644 1771 2698 ut

627 2756 774 2811 extrema
797 2768 863 2810 vox
886 2743 943 2811 illa
966 2743 1192 2833 monosyllaba
1208 2743 1402 2832 respondeat
1417 2743 1459 2808 ad
1476 2744 1770 2829 interrogationem,

628 2860 736 2917 cetera
767 2850 945 2917 hexametri
976 2862 1070 2940 parte
1100 2853 1297 2940 propositam
1328 2856 1392 2939 (pg.
1418 2853 1481 2917 166
1505 2875 1551 2938 sq.
1581 2850 1631 2915 ed.
1655 2850 1771 2937 Peiper

626 2982 655 3025 a.
680 2959 789 3043 1886).
822 2962 929 3041 Quem
953 2970 1084 3026 secutus
1108 2960 1252 3049 Royaius
1275 2982 1345 3024 rem
1368 2960 1414 3023 ita
1436 2959 1637 3043 immutavit,
1662 2967 1697 3022 ut
1719 2958 1771 3021 in·

626 3067 727 3154 tegris
750 3066 948 3132 hexametris
972 3066 1145 3156 dactylicis
1169 3065 1360 3132 distichisve
1374 3066 1529 3152 elegiacis
1544 3064 1772 3149 interrogatio-

627 3197 701 3242 nem
725 3187 931 3263 proponeret,
962 3198 1152 3263 responsum
1177 3198 1255 3241 vero
1285 3176 1319 3239 in
1352 3173 1474 3239 ultimis
1497 3171 1640 3239 eiusdem
1670 3171 1771 3236 huxa-

626 3284 720 3347 metri
744 3294 801 3347 aut
824 3282 955 3349 distichi
979 3282 1117 3372 syllabis
1141 3282 1466 3367 recondrercti1,2t18
1483 3305 1538 3369 sq,
1558 3283 1609 3367 lh,
1633 3281 1697 3345 Iet
1714 3280 1771 3361 ΙΙ).

627 3391 678 3456 ttx
709 3413 773 3478 quo
802 3414 922 3477 gonaro
952 3404 1001 3457 cst
1031 3392 1128 3457 ctirun
1160 3394 1312 3477 aenigma
1343 3389 1423 3456 illud
1456 3391 1488 3454 in
1521 3388 1646 3454 Alburti
1670 3387 1769 3453 luisci

625 3510 763 3565 stemma
793 3500 888 3566 navis
913 3501 1055 3588 imagine
1078 3501 1287 3588 insignitum,
1318 3500 1351 3565 iu
1382 3522 1446 3587 quo
1478 3499 1572 3564 intruis
1602 3497 1694 3585 quusi
1727 3520 1770 3561 rex

625 3596 760 3673 vocibus
787 3608 931 3693 ,navis“,
957 3610 1070 3694 ,avisl
1096 3620 1193 3696 atque
1218 3609 1308 3695 ,vis“
1335 3608 1513 3694 composita
1536 3617 1695 3671 tractatur
1712 3605 1771 3689 (ll,

628 3714 691 3779 136
714 3735 769 3800 sq,
794 3714 882 3793 Vll).
920 3714 1013 3781 Ounl.
1037 3716 1082 3799 ΙΙ,
1104 3717 1171 3780 416
1194 3738 1249 3801 sq,
1272 3714 1433 3797 Vl-lX;
1462 3716 1527 3777 226
1550 3736 1607 3800 sq,
1634 3711 1771 3776 XXIII.

731 3820 801 3884 Iam
828 3823 896 3885 lere
918 3842 959 3885 cx
976 3822 1032 3906 eis,
1055 3844 1139 3907 quae
1154 3821 1322 3907 hucusque
1337 3820 1425 3885 dictu
1442 3832 1527 3905 sunt,
1551 3818 1648 3883 facile
1663 3819 1773 3904 suspi-

625 3927 709 3991 ceris
732 3926 892 4015 Royaium
917 3929 950 3991 in
975 3927 1177 3994 carminibus
1201 3925 1432 4016 coruponuudis
1457 3949 1550 3991 usum
1575 3949 1645 3991 essu
1666 3923 1772 3990 libero

625 4036 817 4123 proprioque
840 4034 970 4100 iudicio.
1009 4036 1102 4117 Quae
1126 4037 1269 4123 suspicio
1291 4034 1539 4102 confirmabitur
1562 4033 1692 4118 singula
1716 4056 1773 4099 ar-

624 4144 787 4228 gumenti,
821 4144 1055 4208 sententiarum
1090 4143 1215 4209 ordinis
1248 4143 1502 4229 elocutionisquc
1536 4142 1772 4207 scrutantibus.

623 4248 793 4335 Nusquam
817 4250 904 4314 enim
927 4250 1079 4315 servilem
1113 4253 1146 4314 iu
1178 4250 1311 4315 modum
1342 4250 1510 4336 exemplar
1532 4248 1671 4315 alicuius
1695 4270 1773 4315 car·

624 4356 721 4419 minis
747 4356 887 4421 uniusve
910 4358 1052 4422 auctoris
1075 4359 1276 4445 antiquitatis
1301 4368 1451 4441 sectatur,
1482 4356 1584 4421 libere
1615 4366 1772 4423 versatur·

623 4475 656 4526 et
679 4462 712 4525 iu
736 4464 872 4528 nrateria
895 4476 926 4529 et
950 4464 983 4528 in
1007 4464 1114 4529 forma
1137 4466 1342 4548 invenienda,
1366 4464 1481 4530 scribit
1496 4465 1555 4545 ita,
1580 4474 1615 4527 ut
1630 4465 1773 4550 exigunt

624 4580 769 4660 tempora
793 4594 966 4658 rerumque
989 4572 1210 4658 condiciones,
1240 4574 1359 4659 quibus
1383 4572 1493 4637 utitur.
1532 4572 1646 4659 Itaque
1668 4572 1773 4635 etiarn

624 4676 680 4742 illa
704 4689 796 4743 extra
820 4692 1049 4765 argumentum
1073 4682 1174 4767 petita
1197 4682 1300 4746 otiosa
1317 4683 1489 4768 ineptaque
1505 4678 1690 4744 fabularum
1708 4701 1774 4743 uu-

624 4785 787 4871 tiquurum
818 4789 1130 4867 commemoratione,
1161 4812 1225 4875 qua
1256 4788 1395 4854 cultiora
1425 4790 1495 4853 ficri
1530 4810 1589 4852 sua
1620 4787 1773 4851 marrnina

623 4893 779 4958 rebantur
810 4894 906 4981 primi
939 4898 1178 4961 renascentium
1210 4897 1413 4984 antiquitatis
1444 4896 1623 4960 litterarum
1653 4904 1773 4981 prietae
