4109 5767
717 1180 782 1250 De
809 1179 954 1262 aoyzu
981 1179 1074 1247 vita
1097 1178 1415 1260 oneribusque.

1014 1326 1113 1333 ,μ-

633 1444 655 1503 Ι.
684 1442 728 1503 De
748 1442 857 1516 aoysu
877 1445 954 1501 aute
973 1444 1148 1501 adventum
1168 1441 1200 1500 tu
1220 1440 1387 1501 Potentem
1407 1439 1496 1499 tatis.

603 1610 717 1675 Petrus
741 1607 883 1699 Roynius
907 1606 1061 1673 hiaureus
1083 1605 1154 1671 siva
1176 1603 1312 1693 hispano
1335 1604 1465 1672 nomine
1488 1604 1569 1670 Ruia
1592 1602 1641 1671 de

494 1718 601 1783 Meros
625 1726 721 1782 natus
744 1727 794 1783 cst
816 1712 920 1781 nobili
943 1736 1063 1803 genere
1086 1714 1199 1802 primis
1215 1713 1283 1781 fere
1298 1711 1425 1780 saeculi
1437 1712 1522 1779 XVI
1538 1712 1633 1779 aunis

493 1823 686 1912 Aicaguitii,
710 1826 744 1890 in
768 1823 948 1912 Hispaniae
970 1822 1194 1910 aragoniensis
1218 1822 1403 1910 municipio,
1433 1821 1477 1887 ad
1500 1820 1634 1889 Guada-

493 1930 588 2019 iopen
611 1931 764 2015 fluvium,
787 1932 842 2018 qui
867 1929 973 1995 influit
995 1930 1029 1995 in
1053 1930 1202 2008 Iberum,
1225 1931 1301 2012 sit03
1329 1929 1416 1995 unde
1439 1929 1634 2016 cognomina

495 2038 643 2127 Hispani,
665 2036 831 2125 celtiberi,
855 2037 1104 2123 Alcagnicensis
1126 2038 1250 2103 nomini
1274 2060 1333 2103 sno
1356 2036 1543 2103 adscribere
1558 2035 1635 2101 soli·

492 2152 554 2229 tus,
576 2142 739 2210 interdum
763 2144 861 2209 etiam
885 2144 956 2231 ipso
978 2154 1092 2231 poetae
1106 2142 1320 2230 gadalophaei
1335 2144 1465 2208 nominc
1482 2165 1560 2208 usus
1575 2152 1642 2208 est..

492 2248 623 2315 Patrem
639 2249 754 2316 habuit
768 2250 959 2336 Martinam,
982 2250 1154 2337 patricium
1171 2249 1441 2336 alcagniceusem.
1465 2247 1635 2314 Elementa

492 2354 674 2423 litterarum
705 2357 738 2421 iu
764 2356 844 2423 urbe
867 2357 971 2445 patria
994 2356 1110 2423 didicit
1139 2355 1249 2444 ibique
1280 2379 1359 2422 usus
1389 2366 1438 2421 est
1469 2354 1635 2440 magistris

494 2464 598 2553 primo
620 2463 782 2549 Sobraria,
805 2461 923 2531 deinde
942 2476 1015 2553 post
1029 2462 1175 2530 eiusdem
1193 2472 1328 2529 mortem
1345 2461 1433 2529 Olito
1448 2461 1488 2527 ad
1507 2462 1631 2527 romani

492 2571 616 2657 ingenii
640 2580 848 2635 irrouumenta
872 2569 1107 2657 cognoscenda
1129 2570 1259 2636 Deinde
1274 2568 1401 2636 Ilerdae
1416 2568 1581 2651 (Leridae)
1596 2569 1631 2632 in

492 2673 600 2739 studio
622 2674 778 2760 generali,
800 2674 886 2762 quod
909 2698 937 2741 a.
963 2676 1050 2741 1300
1072 2673 1240 2740 conditum
1264 2675 1298 2739 in
1321 2696 1360 2739 sa
1383 2672 1462 2739 urbe
1484 2684 1554 2738 tum
1573 2672 1632 2737 fle·

493 2780 568 2863 ruit,
591 2780 655 2844 iuri
679 2780 839 2867 imprimis
863 2802 996 2845 romano
1019 2802 1151 2867 operam
1167 2780 1311 2846 navavit.
1333 2782 1407 2861 Quo
1421 2788 1529 2845 tamen
1546 2800 1640 2843 anuo-

493 2883 635 2951 Ilerdam
659 2908 694 2951 sc
716 2884 904 2969 enutrierit,
927 2884 1084 2973 quamdiu
1107 2886 1152 2953 ibi
1176 2887 1209 2950 iu
1233 2884 1351 2951 studiis
1374 2895 1539 2970 versatus,
1560 2883 1633 2971 qni-

493 2991 554 3059 bus
577 2991 742 3077 magistris
765 2992 895 3060 adiutus
919 2993 977 3079 sit,
1008 3015 1083 3060 curu
1115 2992 1184 3080 ipse
1212 2993 1471 3058 memoriaenon
1497 2989 1633 3056 mauda-

494 3101 594 3185 verit,
626 3076 837 3169 universitate
868 3100 1021 3168 ilerdensi
1054 3100 1182 3167 sublata
1213 3099 1436 3190 tabuiarioque
1465 3100 1535 3167 sins
1562 3099 1631 3187 igni

493 3207 599 3275 deleto
622 3209 655 3274 iu
679 3209 818 3277 obscuro
839 3209 932 3277 iacet
970 3209 1009 3275 Id
1033 3209 1164 3299 quidem
1196 3209 1327 3277 iudiciis
1350 3208 1536 3299 posterioris
1561 3208 1640 3274 aius

493 3316 580 3382 ritae
610 3316 701 3382 ducti
731 3340 790 3405 pro
820 3328 909 3383 certo
932 3317 1000 3384 fere
1023 3318 1189 3384 affirmare
1211 3318 1369 3385 audemus
1392 3340 1466 3383 eum
1490 3317 1580 3384 circa
1601 3340 1631 3382 a.

497 3424 583 3489 1530
605 3434 637 3489 et
660 3425 762 3490 sacris
784 3425 946 3491 initiatum
971 3425 1144 3491 diaconum
1168 3448 1240 3491 esse
1262 3425 1395 3510 factum,
1418 3435 1450 3491 et
1472 3425 1552 3490 satis
1566 3425 1634 3490 iam

494 3531 633 3619 peritum
657 3531 760 3599 fuisse
782 3514 989 3621 antiquarudr
1013 3531 1205 3619 litterarum,
1228 3533 1338 3621 utique
1361 3530 1441 3598 iuris
1461 3531 1570 3599 civilis
1584 3542 1634 3598 at-

493 3660 557 3727 que
579 3662 739 3708 canonici.

599 3748 663 3816 Sed
689 3758 760 3814 utut
782 3758 852 3815 tum
875 3750 1030 3837 temporis
1053 3751 1199 3816 animum
1222 3749 1389 3816 excultum
1413 3749 1537 3834 habuit,
1559 3773 1642 3816 eru-

493 3852 615 3921 ditione
638 3856 672 3919 in
696 3857 801 3942 patria
820 3867 912 3943 parta
928 3857 1135 3943 acquiescere
1150 3854 1255 3921 uoluit
1268 3856 1421 3945 Royzius.
1445 3856 1543 3921 Italia
1559 3879 1634 3922 cunr

493 3959 680 4045 antiquitus,
703 3972 773 4025 tum
794 3983 873 4026 vero
896 3972 968 4049 pust
991 3971 1104 4027 renata
1127 3962 1330 4048 antiquitatis
1345 3961 1454 4026 studia
1469 3962 1635 4049 Hispanis,

495 4064 580 4129 sient
602 4064 720 4129 ceteris
742 4065 894 4152 Europae
916 4064 1078 4151 gentibus
1101 4067 1220 4130 artium
1244 4067 1517 4152 scientiarumque
1543 4066 1636 4131 sedes

494 4168 697 4251 censebatur,
730 4168 956 4257 Hispanosque
979 4170 1013 4235 iu
1037 4168 1167 4235 Italiam
1191 4168 1339 4235 discendi
1362 4171 1468 4255 gratia
1490 4172 1635 4257 peregri-

493 4283 626 4340 naturos
642 4274 743 4340 muita
760 4276 792 4340 in
809 4273 880 4342 dics
895 4276 1000 4363 magis
1016 4275 1175 4342 adiuvare
1192 4274 1397 4342 ridebantur.
1421 4275 1491 4340 ianr
1504 4298 1532 4340 a.
1547 4277 1634 4343 1364

494 4379 705 4449 Aibomotius
728 4381 861 4465 (Catillo
884 4382 925 4449 de
947 4382 1135 4467 Albomoa)‚
1166 4381 1343 4449 cardinalis
1369 4381 1635 4470 archiepiscopus

493 4486 672 4571 teledauus,
695 4490 747 4557 vir
764 4513 872 4557 rarum
889 4490 1094 4579 publicarum
1111 4492 1295 4579 artiumque
1309 4491 1535 4580 peritissimus,
1558 4512 1632 4557 cum
1726 4532 1730 4538 »

492 4596 526 4661 iu
551 4595 647 4664 Italia
670 4608 933 4685 cornrnerarctur,
957 4600 1129 4685 Bononiae
1153 4599 1188 4665 iu
1212 4597 1268 4665 iiia
1287 4599 1407 4666 artium
1422 4598 1635 4666 celeberrima

494 4726 582 4791 arce,
613 4704 788 4795 hospitium
813 4708 1040 4795 magnificum,
1070 4708 1168 4774 aedes
1199 4705 1324 4795 amplas
1351 4707 1524 4795 hortosque
1546 4730 1636 4775 conu-

493 4811 645 4901 piectens,
669 4812 824 4903 hispanae
848 4816 1007 4882 iuventuti
1032 4815 1198 4883 studiosae
1221 4818 1282 4884 sub
1298 4817 1479 4905 patrocinio
1495 4817 1545 4885 sti.
1561 4816 1635 4885 Ole-

493 4923 609 4987 mentis
632 4924 771 5009 pecunia
794 4946 853 4989 sua
877 4924 1112 4995 instituendum
1136 4936 1310 4991 curaverat
1332 4925 1477 5013 adeoque
1501 4924 1642 5013 largiter
