4109 5767
548 356 658 453 ,Ἥ-
1008 374 1087 409 mm
1106 374 1195 411 nonan

1363 444 1540 453 --——--
1546 446 1609 453 ---
1620 446 1690 453 ο...-

1317 456 1628 467 η--ψ-...οῌ
1636 458 1695 467 -ιι

600 588 628 634 s.
658 566 765 633 Partn
788 588 921 654 aogram
943 577 1084 654 soporat,
1108 565 1251 633 thalamo
1274 566 1438 658 fixamque
1460 568 1598 658 reliquit.

714 674 790 741 Non
813 696 932 741 oasnra
954 672 1048 741 alitor
1070 684 1161 741 tanta
1185 675 1298 765 virago
1322 675 1394 743 suit.

1101 890 1150 943 XV

663 996 846 1063 Lanificam
869 1005 906 1063 ut
927 994 1102 1063 lmohosim
1125 996 1210 1063 vidit
1233 1020 1294 1064 sua
1316 997 1372 1064 iila¹
1394 997 1555 1088 legentem

718 1106 825 1191 Anna,
848 1103 956 1170 oolnm
979 1113 1012 1170 st
1035 1104 1180 1171 calathos
1203 1105 1366 1173 evoluisse
1389 1130 1475 1194 suos,

667 1211 760 1277 Haoo
782 1222 898 1277 oontra
920 1212 989 1277 sata
1011 1222 1069 1297 osi,
1093 1212 1268 1278 formosam
1292 1215 1391 1279 onixa
1412 1213 1568 1302 puellam:

723 1317 808 1405 „Pro
830 1340 892 1403 mo,
914 1340 1013 1405 quam
1037 1316 1133 1401 tollis,
1157 1320 1271 1406 aooips
1292 1341 1393 1407 paros
1415 1320 1545 1387 aliam“.

1095 1530 1165 1583 XVI.

666 1634 796 1723 Cogitat
818 1638 917 1702 Anna
940 1660 999 1703 sno
1022 1636 1167 1703 solamen
1191 1636 1338 1725 linquere
1361 1639 1440 1727 rogi,

719 1742 813 1808 Vidit
837 1752 873 1808 nt
895 1755 1078 1809 extromum
1101 1744 1170 1809 fata
1193 1745 1317 1810 minata
1340 1744 1437 1811 diem.

665 1847 794 1915 Prolem
816 1872 895 1937 orgo
917 1850 1086 1937 ogregiam
1109 1872 1262 1938 supremo
1284 1851 1319 1916 in
1342 1850 1416 1918 lnoo
1439 1850 1578 1938 reliquit,

720 1955 861 2022 Difficili
884 1956 1023 2022 nimium
1047 1956 1152 2023 fracta
1174 1958 1355 2045 puerperio.

604 2085 635 2129 s.
664 2062 739 2130 Non
763 2062 933 2130 adamasse
955 2064 1075 2151 virum,
1098 2087 1164 2131 non
1187 2064 1378 2132 observasse
1400 2066 1474 2155 quis
1497 2066 1584 2131 aiat?

720 2170 804 2253 Quis
826 2194 937 2259 rogem
960 2170 1050 2238 diost
1073 2195 1137 2239 non
1161 2172 1301 2240 oolnisso
1324 2174 1455 2241 virum?

666 2279 783 2349 cetera
805 2292 987 2370 praetereat
1010 2282 1048 2369 si,
1071 2304 1154 2371 qnae
1177 2281 1268 2349 dedit
1290 2283 1412 2372 optima
1435 2283 1565 2371 coniux,

719 2389 759 2455 In
783 2400 886 2457 morto
908 2390 1067 2456 eximium
1090 2392 1209 2479 pignus
1233 2392 1354 2457 amoris
1377 2390 1484 2457 habeo

1091 2600 1175 2652 xvii.

665 2704 789 2790 Magna
812 2703 975 2769 laboranti
998 2702 1136 2769 debatur
1157 2704 1266 2789 gratia
1288 2704 1394 2789 matri,

719 2808 897 2897 Laudoqus
920 2808 1021 2897 digna
1044 2830 1104 2873 sua
1127 2818 1184 2893 ast,
1208 2831 1292 2895 quas
1314 2808 1471 2896 pariendo
1493 2810 1584 2895 perit.

665 2914 783 2981 Gratia
805 2914 865 2982 ssd
887 2915 992 2981 maior
1013 2916 1162 3002 reginam
1185 2924 1217 2980 ot
1240 2936 1367 2980 summa
1391 2926 1503 2982 soouta
1526 2925 1574 2982 ost

718 3023 808 3090 Laus
831 3024 973 3111 Annam,
996 3033 1109 3090 oontrs
1132 3046 1215 3113 quas
1237 3022 1404 3112 pereundo
1427 3024 1521 3113 parit.

1082 3258 1179 3309 xvm.

667 3363 859 3431 Pontificem
882 3365 916 3430 in
940 3365 1043 3431 sacris
1066 3364 1260 3432 oooumbero
1282 3365 1380 3431 robus
1402 3362 1574 3431 honestum
1597 3374 1654 3448 ost,

720 3473 952 3561 Pastoromqne
975 3496 1051 3539 suos
1074 3474 1159 3538 intor
1181 3472 1273 3540 obiro
1293 3494 1423 3560 gregem

666 3579 849 3668 Pugnando
872 3580 974 3667 miles,
997 3580 1128 3647 devioto
1151 3592 1302 3646 strenuus
1326 3579 1417 3645 hosts

721 3690 801 3754 Dux
825 3687 943 3755 oadoro
965 3689 1132 3776 ogregiam
1157 3687 1248 3754 dooit
1271 3699 1407 3776 uterque
1429 3708 1553 3755 nooom.

604 3817 635 3862 s.
666 3795 740 3861 Non
764 3796 799 3861 in
823 3794 960 3882 doliolis,
982 3795 1107 3861 aulaeis
1130 3805 1235 3861 tectus
1259 3806 1292 3861 st
1314 3806 1409 3879 ostro,

721 3901 830 3984 Quam
853 3903 914 3969 snb
938 3913 1042 3968 marta
1064 3903 1160 3989 gravi
1184 3901 1276 3968 malit
1300 3913 1435 3990 uterque
1458 3902 1550 3967 mori.

671 4009 745 4076 Non
769 4020 870 4075 nauta
892 4020 1044 4097 oppetere
1067 4011 1101 4074 in
1125 4008 1241 4075 modiis
1265 4009 1426 4097 optaverit
1449 4008 1548 4088 srvis,

723 4116 827 4183 Grato
849 4127 899 4182 est
921 4139 1018 4202 mors,
1042 4115 1174 4181 madido
1197 4138 1280 4204 quso
1303 4116 1395 4181 vonit
1418 4113 1484 4180 uda
1507 4114 1600 4179 mari.

669 4224 704 4289 Si
720 4223 859 4312 pulchra
875 4235 925 4290 ost
940 4247 1026 4289 mors
1043 4224 1162 4311 ouiquo
1177 4246 1237 4288 suo
1253 4221 1294 4288 do
1310 4244 1451 4308 munero,
1470 4220 1642 4309 pulchrum
1658 4230 1708 4286 ost

584 4350 635 4394 so.
723 4329 811 4414 Ergo
835 4332 917 4394 mori
940 4341 1079 4395 matrem
1103 4328 1216 4393 matris
1240 4331 1274 4393 in
1298 4329 1416 4393 officio.
