4109 5767
906 765 1064 803 rsssrsrro.
1481 756 1559 806 XVll

415 962 479 1027 180
501 959 551 1025 eb.
584 962 645 1027 106
669 964 736 1047 erp),
770 961 867 1027 etium
893 961 944 1025 ius
967 961 1171 1029 canonicum.
1194 961 1252 1028 Ius
1276 984 1305 1027 rr
1315 985 1446 1029 manum
1476 964 1558 1029 tanti

415 1067 566 1153 iaciebat,
591 1078 626 1133 ut
648 1090 686 1133 eo
708 1090 768 1156 pro
791 1067 905 1155 gentili
931 1069 1086 1135 utendum
1112 1068 1163 1135 vel
1195 1080 1282 1137 ccrte
1312 1070 1444 1157 gentilis
1475 1073 1557 1137 iuris

414 1172 563 1241 delectus
585 1175 654 1261 ipso
671 1173 858 1240 sarciendos
873 1196 944 1239 esse
960 1172 1091 1239 Polonis
1106 1174 1302 1261 persuadere
1319 1199 1383 1242 non
1399 1178 1560 1243 intermit-

413 1290 505 1346 teret.
540 1280 653 1366 Neque
676 1290 785 1345 tumen
814 1279 968 1367 praelecti
978 1302 1048 1345 mes
1070 1304 1147 1345 suas
1169 1283 1267 1347 anxie
1290 1283 1499 1368 professionis
1522 1283 1561 1347 li-

413 1386 511 1450 nibus
527 1408 602 1450 cum
627 1386 930 1470 circumscripsisse,
958 1385 1014 1449 scd
1039 1395 1071 1451 ct
1094 1386 1288 1452 Polonorum
1304 1386 1559 1453 Germanorum·

410 1514 473 1579 que
496 1490 679 1574 singularia
701 1490 850 1557 instituta
873 1502 905 1557 ct
928 1491 1054 1557 litteras
1081 1494 1231 1580 antiquas
1248 1495 1437 1579 respexisse,
1453 1495 1553 1561 immo

415 1620 494 1663 vcro
517 1599 678 1664 erutiones
702 1620 778 1664 sarrs
813 1597 854 1661 ud
887 1598 1016 1664 rnorlnm
1052 1598 1169 1665 rllciati
1194 1600 1411 1687 praeceptoris
1434 1600 1558 1666 crebris

413 1707 619 1794 antiquorum
644 1716 813 1771 auctorum
831 1706 1054 1794 imprimisque
1071 1718 1237 1795 poctarum
1255 1706 1334 1774 locis
1354 1709 1558 1796 perterruisse

414 1814 552 1901 probant
576 1814 768 1880 Decisiencs
792 1812 974 1899 litonnicac,
1003 1838 1085 1901 quas
1108 1815 1178 1902 ipsc
1193 1824 1303 1903 postea
1318 1815 1430 1882 edidit.
1467 1817 1554 1897 Quin

413 1921 510 1985 etiarn
534 1922 681 2007 poeticen
708 1922 860 2008 privatior
884 1921 1035 1987 docuisse
1057 1922 1197 2008 videtur,
1221 1923 1249 1986 si
1271 1922 1404 2008 quidem
1426 1946 1462 1989 sc
1485 1925 1558 1991 Ste-

412 2026 509 2090 nielai
526 2026 700 2093 Oarncovii
725 2050 800 2111 ,ora
817 2027 961 2093 castaliis
976 2029 1069 2114 aquis
1086 2027 1229 2114 rigassc“
1255 2028 1325 2115 ipse
1351 2029 1385 2093 in
1410 2030 1555 2094 carmine

413 2130 454 2195 ad
479 2153 552 2195 cum
585 2132 706 2218 scripto
740 2133 797 2217 (Il,
835 2134 907 2216 176,
931 2134 987 2214 24)
1010 2143 1250 2198 commemorat.
1288 2133 1554 2220 Disputationum

412 2235 494 2303 adeo
517 2246 587 2301 crat
609 2236 774 2301 studiosus
796 2248 829 2302 et
853 2238 984 2324 peritus,
1007 2250 1043 2303 ut
1069 2237 1155 2303 bane
1185 2239 1385 2325 provinciam
1417 2240 1450 2303 in
1482 2241 1555 2305 uni-

412 2344 565 2408 versitate
588 2342 781 2429 iagellonica
805 2344 935 2409 abunde
958 2343 1110 2431 implesse
1125 2345 1168 2410 sit
1183 2343 1355 2431 putandus.
1370 2344 1434 2412 Sed
1463 2368 1555 2433 prae-

411 2458 461 2515 ter
483 2448 712 2534 Coracesium,
742 2472 838 2537 quem
861 2452 930 2539 ipse
953 2451 1135 2517 auditorem
1166 2474 1261 2517 suurn
1293 2451 1382 2534 dicit,
1412 2452 1556 2539 discipu-

411 2554 516 2621 lorurn
546 2557 615 2621 eius
647 2558 779 2621 nomina
810 2558 1013 2643 ignorantur.
1043 2558 1196 2626 Ceterum
1227 2581 1302 2624 cam
1332 2560 1556 2624 univcrsitatis

410 2662 624 2745 irgellonicae
649 2661 894 2749 professoribus,
917 2664 1051 2749 collegis
1074 2665 1152 2747 suis,
1167 2663 1257 2729 nullo
1272 2666 1392 2729 artiore
1415 2664 1557 2729 familis·

411 2766 517 2831 ritstis
542 2766 675 2831 vinculo
707 2768 900 2833 coniunctas
932 2768 1034 2833 fuisse
1065 2768 1207 2853 videtur,
1245 2789 1385 2856 eumque
1414 2768 1555 2855 plurima

411 2873 558 2937 carroioa
581 2885 613 2937 ot.
636 2872 783 2957 longiora
806 2884 838 2939 et
862 2873 1013 2939 breviora
1028 2874 1126 2941 facile
1142 2883 1363 2961 componeret,
1386 2875 1553 2941 rarissime

411 2989 518 3044 tanum
544 2981 674 3067 scripsit
696 2991 728 3047 ct
760 2980 800 3047 rlc
832 2981 965 3065 collegis
996 2983 1064 3047 sois
1094 2994 1127 3047 et
1161 2982 1202 3049 de
1232 2984 1303 3069 ipsa
1335 2983 1553 3055 universitate,

410 3088 499 3167 Quin
512 3088 610 3153 etiarn
623 3088 656 3153 in
668 3090 872 3175 Gurrrratrnn,
884 3088 1159 3177 ru·elripr·ocsulcrn
1167 3112 1382 3177 gnesnensem
1398 3089 1555 3157 cundem-

410 3218 474 3282 que
489 3196 678 3283 episcopum
703 3196 943 3263 cracoviensem
961 3209 1057 3285 atque
1074 3199 1295 3263 univcrsitatis
1311 3196 1554 3284 cancellarium,

412 3324 475 3367 non
492 3325 539 3387 co,
555 3326 618 3389 quo
635 3326 694 3391 pur
709 3315 779 3369 erat
794 3325 866 3371 esse
882 3305 915 3369 iu
932 3306 1048 3392 ipsum,
1064 3306 1209 3393 quicum
1226 3305 1421 3373 Oracoviarn
1444 3327 1555 3371 arces·

410 3408 551 3491 sivisset,
574 3410 682 3473 animo
706 3408 776 3473 fuit.
800 3409 935 3477 Publice
950 3410 1082 3497 quidem
1098 3410 1194 3476 editis
1210 3409 1420 3495 carminibus,
1451 3433 1554 3496 quan-

410 3522 480 3576 tum
504 3534 557 3577 res
580 3512 746 3600 decusque
768 3514 930 3600 exigebat,
953 3537 1028 3581 eum
1051 3514 1208 3597 laudavit,
1232 3514 1334 3579 fuisse
1356 3525 1475 3599 tamen,
1498 3516 1555 3601 qui

411 3640 447 3683 se
470 3616 704 3685 nrulcdicorum
726 3620 996 3707 epigrammatum
1022 3619 1055 3685 in
1079 3620 1272 3687 Garnruturn
1296 3619 1400 3685 relato
1425 3621 1556 3687 nornine

411 3748 470 3791 sue
482 3727 673 3791 emissorum
686 3737 889 3812 accusarent,
901 3728 970 3815 ipse
983 3728 1279 3812 commemoret(ll,
1288 3728 1556 3813 eruxxxrss).

410 3832 505 3912 Quod
539 3834 677 3919 crimen,
711 3856 907 3921 quamquam
942 3835 1064 3901 refutat
1098 3845 1195 3922 atrpue
1224 3846 1408 3920 aversatur,
1446 3850 1553 3901 tumen

411 3940 469 4005 vix
492 3938 533 4005 ab
557 3962 595 4005 eo
618 3940 741 4006 afuisse
763 3942 911 4007 carmine
933 3942 1093 4027 quaedam
1116 3941 1223 4006 adhuc
1239 3952 1370 4007 servata
1384 3952 1554 4007 testantur.

409 4046 493 4111 Num
518 4055 555 4112 ut
576 4056 776 4133 praeteream
800 4068 855 4131 ea,
885 4069 968 4133 quae
992 4047 1095 4111 multa
1125 4057 1240 4112 contra
1269 4046 1381 4133 gulam
1411 4047 1550 4112 obesita-

410 4160 538 4238 temque
561 4154 683 4238 scripta
705 4152 762 4237 (11,
786 4154 860 4235 434,
883 4152 945 4235 IV3
969 4153 1098 4237 439,1;
1121 4154 1196 4236 440,
1222 4152 1289 4235 1113
1311 4155 1387 4218 442.
1403 4154 1468 4235 xl,
1484 4154 1552 4218 414

410 4257 494 4343 XX)
516 4258 558 4323 ad
586 4258 780 4324 Garnratum
813 4258 909 4325 facilc
940 4260 1057 4325 referri
1088 4268 1239 4345 pessunt,
1269 4269 1400 4325 exstant
1429 4270 1552 4347 septem

410 4366 556 4430 carmina
579 4364 746 4431 mordacia
768 4365 825 4451 (II,
849 4368 924 4451 253,
948 4372 1036 4453 sqq.),
1064 4366 1181 4453 quibus
1212 4367 1396 4454 praefectus
1418 4364 1552 4454 quidem

410 4469 540 4537 scholae
555 4474 748 4558 exagitatur,
763 4472 850 4558 quod
864 4472 972 4539 edicto
983 4474 1165 4559 magistros,
1178 4473 1211 4537 in
1223 4474 1334 4559 eisque
1345 4472 1452 4560 ipsum
1464 4472 1554 4562 Roy-

410 4578 496 4643 uium
527 4577 625 4661 (conf.
655 4578 699 4661 H,
731 4580 806 4663 254,
834 4578 908 4665 ΙΙΙ),
943 4577 1062 4645 barbas
1097 4601 1215 4667 ponere
1248 4579 1388 4646 iusserit.
1425 4579 1554 4647 Scimus

409 4694 516 4750 autem
541 4706 664 4752 rnorem
686 4684 842 4751 tundendi
865 4685 994 4773 barbas,
1016 4686 1071 4773 qui
1095 4685 1202 4752 medio
1224 4709 1306 4752 sevo
1326 4685 1413 4775 apud
1429 4684 1553 4752 clerum

410 4811 579 4857 romanum
609 4790 810 4879 invaluerat,
836 4814 857 4859 e
879 4792 1104 4860 sacerdotibus
1133 4790 1302 4859 catholicis
1332 4792 1484 4859 Polenias
1513 4815 1553 4860 eo

516 4906 631 4949 camina.
646 4909 673 4950 Τ.
688 4908 708 4951 1.
1420 4902 1445 4952 ll
