4109 5767
661 623 728 690 202

1139 640 1218 676 mil
1236 639 1323 676 lomi

660 709 1152 720 ——-———--—-———
1314 711 1497 718 --—.—-
1514 712 1566 718 ⁶-.
1590 708 1807 718 --—-—-—-

767 835 932 924 Dignum,
955 835 1201 924 sarmaticisque
1223 858 1322 902 manu
1346 835 1421 925 plus
1444 837 1606 926 stringere
1632 834 1777 926 sceptris
1787 835 1812 898 ¹.

767 945 815 1012 Ut
838 943 989 1032 clemens,
1011 945 1200 1034 iustusquel
1224 945 1323 1012 irasci
1348 957 1384 1012 ut
1406 947 1538 1014 nescius
1561 945 1642 1013 ullil
1666 984 1710 994 -

765 1055 838 1122 Lex
861 1053 924 1120 nisi
947 1075 1023 1120 cum
1045 1053 1169 1120 vindex
1192 1052 1325 1120 ultrices
1348 1077 1477 1122 sumere
1499 1077 1621 1145 poenas

767 1165 874 1232 Laesa
896 1161 995 1250 iubet,
1017 1161 1166 1252 rigidove
1188 1173 1317 1230 coercet
1341 1185 1473 1230 carcere
1496 1174 1614 1230 sontes.

857 1271 955 1360 Ergo,
977 1281 1026 1338 tot
1048 1272 1206 1360 aucipites
1230 1271 1314 1338 iuter
1338 1294 1499 1360 mucusque
1521 1272 1675 1360 vicesque

767 1377 870 1446 Haud
893 1379 1011 1444 dubias
1034 1401 1153 1465 rerum,
1175 1389 1286 1466 totque
1309 1379 1454 1468 undique
1476 1390 1567 1445 certa
1589 1377 1722 1467 pericla,

765 1485 931 1552 Maturate
953 1485 1026 1570 viri,
1049 1507 1159 1574 regem
1183 1486 1324 1552 conubia
1347 1486 1390 1553 ad
1413 1485 1501 1552 alma

768 1591 904 1658 Hortari
928 1593 1125 1679 Augustum,
1147 1592 1242 1658 vobis
1265 1593 1293 1658 si
1316 1597 1418 1659 cara’
1439 1615 1585 1681 propago
1607 1603 1658 1659 est

727 1747 733 1762 .
767 1695 952 1786 Inclitaque
975 1723 995 1764 a
1017 1721 1137 1786 magno
1159 1721 1240 1786 geas
1264 1698 1429 1788 Iugclloao
1452 1699 1608 1790 profecta

767 1804 843 1888 Qua
865 1805 959 1872 vobis
982 1829 1149 1895 nunquam
1173 1808 1309 1896 stirpive
1332 1808 1506 1896 superstite
1529 1817 1657 1874 vestrae

766 1913 883 1979 Deerit
904 1913 1016 2000 honos,
1039 1914 1248 2001 priscumque
1269 1915 1380 2000 decus,
1404 1913 1546 2003 bellique
1569 1924 1726 2000 togaeque

766 2016 891 2102 Gloria,
913 2041 979 2084 non
1003 2017 1072 2084 ullo
1093 2031 1126 2084 et
1148 2042 1266 2084 uomen
1289 2019 1428 2084 delebile
1451 2017 1568 2084 saeclo.

766 2123 883 2211 'laque
905 2124 995 2209 adeo,
1017 2125 1074 2211 qui
1096 2126 1202 2213 prima
1223 2125 1297 2190 Deo
1320 2125 1387 2190 fers
1411 2136 1485 2189 tura
1507 2122 1634 2188 tonanti

726 2277 734 2292 .
768 2227 979 2296 Sauromatas
1003 2230 1095 2315 inter,
1119 2232 1172 2297 eui
1196 2230 1363 2317 religionis
1385 2231 1495 2296 avitae

769 2336 858 2403 Oura
881 2335 980 2422 sedet,
1003 2359 1160 2427 sacroque
1183 2338 1326 2426 agitatur
1349 2337 1484 2425 spiritus
1507 2345 1622 2423 oestro,

767 2443 954 2532 Duirgovie,
977 2445 1137 2533 Nicolae,⁸
1158 2445 1274 2513 domtus
1297 2443 1508 2512 memorabile
1529 2464 1657 2529 nomen,

769 2551 911 2618 Hortaro
931 2555 1117 2642 Augustum
1134 2553 1176 2621 ad
1192 2554 1361 2640 tholomeo,
1376 2554 1563 2639 iustumque
1577 2550 1811 2640 hymenaeum

769 2659 939 2746 Coniugiis
962 2662 1049 2748 olim,
1073 2674 1179 2728 teneat
1202 2664 1258 2751 qui
1281 2673 1418 2750 sceptra,
1442 2669 1616 2750 propaget3

728 2815 735 2829 .
768 2765 935 2853 Iugellono
958 2781 1065 2834 satum
1089 2781 1219 2857 superet
1241 2791 1362 2857 geuus3
1385 2780 1417 2833 et
1440 2791 1501 2832 sua
1523 2787 1650 2852 semper

771 2871 907 2960 Sceptra
929 2875 1042 2941 volens
1066 2875 1147 2940 felix
1170 2876 1248 2941 huie
1270 2877 1416 2964 porriget
1439 2895 1534 2938 omne
1555 2893 1615 2960 per
1636 2891 1755 2935 aevum

771 2977 940 3047 Sarmata:
965 3004 1030 3047 uon
1053 2982 1118 3047 alio
1140 2994 1339 3071 quaerantur
1361 2983 1522 3068 sanguiue
1544 3001 1646 3067 reges.

771 3085 916 3174 Vestras,
939 3091 1117 3176 pontifices,
1140 3114 1244 3176 genus
1267 3089 1415 3156 beenon
1440 3088 1582 3176 segniter
1604 3085 1684 3152 olim

772 3194 877 3260 Auxit
900 3219 985 3284 opes,
1007 3197 1079 3285 hoc,
1101 3198 1238 3289 Thybri,
1260 3209 1350 3264 tuas:
1376 3195 1530 3262 Lituouia
1554 3192 1655 3259 falsos

730 3350 736 3365 .
772 3301 938 3388 Iagellone
961 3304 1039 3372 deos
1062 3320 1195 3373 auctore
1218 3306 1369 3395 idolaque
1392 3305 1496 3392 liquit,

772 3411 961 3502 Aspidaque
984 3423 1016 3480 et
1039 3438 1152 3481 saevos
1176 3416 1273 3504 spiris
1297 3413 1503 3480 volventibus
1526 3431 1660 3497 angues,

772 3517 943 3609 Silvasque
966 3523 1122 3612 igneaque
1144 3533 1177 3590 et
1199 3524 1300 3609 lucos,
1324 3520 1488 3587 contraria
1511 3518 1601 3584 fana:

772 3627 1017 3716 Aeternumque
1040 3633 1106 3696 aris
1129 3630 1260 3697 induxit
1283 3653 1403 3695 numen
1427 3629 1512 3693 Iesu.

771 3733 899 3823 Proque
923 3735 987 3801 alio
1010 3740 1172 3805 exstincto
1195 3740 1345 3805 meliores
1368 3736 1509 3802 flaminis
1532 3734 1626 3820 ignes

731 3892 738 3906 .
773 3841 934 3929 Aetherci,
957 3867 1131 3933 rerumque
1154 3847 1263 3935 opifex
1287 3845 1425 3911 delubra
1448 3842 1580 3927 subivit,

772 3947 967 4036 Tergemino
991 3963 1120 4018 sacrata
1142 3953 1223 4039 Deo,
1247 3953 1393 4039 caelique
1416 3950 1538 4040 potenti

773 4055 993 4144 Lucentisque
1015 4059 1147 4124 aethrae
1169 4059 1310 4144 domino,
1333 4060 1387 4123 cui
1410 4070 1497 4123 terra
1521 4056 1705 4140 fretumque

772 4159 871 4227 Paret
893 4172 925 4227 et
948 4163 1068 4229 inferni
1092 4187 1229 4251 regnum
1253 4164 1430 4229 illaetabile
1453 4164 1551 4247 Ditis,

664 4293 873 4304 ---.-

775 4360 784 4391 ¹
803 4363 942 4426 Quaenam
962 4362 1096 4412 sententia
1114 4362 1200 4413 latest
1222 4363 1264 4413 his
1289 4362 1388 4424 verbis,
1412 4361 1544 4412 incertum
1563 4364 1611 4409 ast.
1649 4355 1811 4420 comptum

667 4467 727 4504 assa
754 4452 843 4503 locum
870 4451 1022 4517 suspicatus
1051 4451 1216 4503 conicieham
1243 4452 1412 4502 dubitanter:
1446 4448 1650 4512 sarmaticisque
1677 4440 1812 4508 maniplos

667 4540 800 4608 stringere
818 4540 963 4609 (coercere)
981 4542 1103 4606 sceptris.
1135 4542 1210 4592 Conf.
1231 4540 1273 4606 16,
1293 4557 1317 4591 v.
1337 4539 1398 4592 990.

773 4626 842 4681 'ad.
880 4631 988 4682 chars“.

776 4716 787 4748 ¹
805 4669 932 4772 Nioeluus
946 4719 1154 4786 Dzieragowslri,
1168 4721 1385 4787 archiepiscopus
1395 4719 1558 4771 Gnesuensis
1568 4735 1610 4771 aa.
1622 4703 1811 4769 ibib-1559·
