4109 5767
527 747 593 814 158
938 767 942 794 ³
1006 765 1084 800 sunu
1104 765 1192 802 ”⁹⁸¹¹

633 958 744 1026 Poene
766 959 818 1046 sit,
840 967 885 1046 ut,
909 959 1039 1047 scripsit
1063 957 1150 1046 quod
1173 957 1301 1045 deiude,
1322 957 1385 1025 hoo
1408 957 1515 1026 deleat
1536 958 1633 1048 idem,

687 1067 731 1134 Ilt
753 1079 883 1134 monent
905 1066 1030 1155 titulus,
1053 1067 1109 1156 qui
1134 1066 1196 1134 luit
1219 1077 1304 1155 ento,
1327 1089 1427 1135 meus.

574 1196 602 1243 u.
632 1175 694 1243 Ille
716 1187 836 1264 eutem,
858 1176 998 1265 hospitio
1020 1177 1077 1265 qui
1101 1177 1149 1244 sio
1172 1177 1315 1244 variavit
1337 1177 1372 1242 in
1395 1200 1469 1266 uno,

688 1285 802 1352 Unum
825 1307 890 1351 non
913 1284 1041 1372 hebent,
1064 1285 1151 1373 quod
1175 1295 1271 1372 tenet,
1293 1285 1478 1373 hospitium,

634 1390 865 1480 Exolususque
887 1392 984 1477 fores,
1008 1391 1196 1480 mediosque
1219 1403 1373 1459 extrusus
1396 1393 1430 1457 in
1453 1415 1549 1480 egros

688 1497 850 1565 Oulfeeiut
872 1498 982 1587 tepido
1005 1499 1153 1587 torpidus
1177 1521 1233 1564 ore
1255 1521 1381 1564 manus.

1072 1691 1122 1756 1v

595 1868 600 1876 .
634 1815 719 1884 Sunt
741 1815 823 1882 mihi
846 1815 999 1903 meludki,
1021 1839 1103 1906 quos
1126 1816 1183 1883 det
1206 1816 1385 1905 Semogitiu
1394 1817 1415 1904 ¹,
1438 1815 1527 1904 kuni,

688 1923 849 2013 Quodque
871 1925 985 1992 dutum
1008 1923 1175 1993 stabulum
1197 1935 1255 2013 est,
1278 1925 1376 1992 eltius
1398 1947 1469 1992 esse
1492 1925 1611 2014 nequit.

633 2031 730 2114 Quod
753 2034 804 2121 sit,
826 2033 938 2122 Firlei,
960 2056 1107 2122 quaeras,
1130 2034 1183 2102 vis
1206 2033 1353 2102 disoeno?
1375 2033 1512 2101 eaelum.

686 2141 727 2206 In
748 2163 851 2228 parvo
873 2143 977 2230 perui,
1001 2141 1053 2229 dn,
1076 2140 1282 2208 stabulentur
1303 2143 1387 2230 equi.

1077 2332 1118 2397 V.

628 2453 788 2543 Scortum,
810 2454 893 2541 leno,
915 2453 1000 2520 lutto
1022 2475 1098 2521 oum
1122 2454 1204 2543 lure,
1227 2454 1354 2522 nelarie
1375 2454 1486 2542 pubes,

685 2562 816 2652 Quique
837 2561 948 2629 Deum
971 2563 1074 2630 durus
1096 2563 1170 2630 fixit
1192 2561 1311 2652 Apelle
1333 2563 1434 2650 ornei,

632 2669 821 2757 Hospitium
843 2691 1005 2757 reperere;
1028 2669 1119 2736 dedit
1143 2669 1306 2737 Vunsovia
1328 2680 1449 2737 tentum

684 2775 769 2862 111is;
793 2777 822 2843 si
843 2777 947 2865 gretie
970 2799 1036 2843 nou
1060 2775 1159 2864 dedit,
1182 2798 1257 2844 uere
1280 2776 1378 2844 dedit

569 2905 597 2951 e.
628 2884 746 2972 turea,
768 2882 877 2970 Getes,
901 2883 1035 2973 Scytha,
1054 2882 1217 2970 Mosohus,
1233 2884 1342 2950 Arabs
1357 2885 1386 2949 si
1401 2883 1528 2952 venerit
1543 2883 1670 2974 hospes,

683 2991 727 3057 Et
749 2992 778 3056 si
800 2992 874 3078 quis
897 2991 1009 3056 forsan
1033 2991 1161 3058 venerit
1183 2991 1384 3080 antipodum,

630 3097 757 3163 Venest
778 3096 830 3162 his
853 3107 942 3164 eerto
963 3097 1151 3185 hospitium.
1173 3096 1239 3178 Qui
1263 3120 1328 3164 non
1350 3097 1443 3164 dubit
1465 3118 1590 3184 eurum,

682 3203 833 3270 Inveniet
855 3203 993 3291 nullum,
1016 3205 1045 3269 si
1067 3203 1152 3292 flent,
1175 3204 1360 3292 hospitium.

631 3451 641 3483 ¹
660 3455 737 3507 lisso
755 3455 878 3508 esrmlns
894 3455 1031 3522 pertinent
1050 3455 1084 3508 ud
1096 3461 1200 3522 teinpus
1213 3454 1382 3509 comitiorum
1391 3453 1539 3507 Vsrsovlse
1552 3455 1668 3508 tortum

522 3543 582 3611 ipso
601 3559 626 3597 s.
648 3543 719 3598 1570
736 3545 898 3596 habitorum.
917 3545 996 3598 (lette
1014 3553 1139 3612 spectent
1158 3553 1263 3612 tempus
1280 3554 1342 3612 pout
1360 3561 1384 3598 ι
1405 3543 1482 3598 1561.

631 3630 710 3684 'Mu
729 3633 909 3700 somogithim
930 3633 1065 3699 ,mdulki
1083 3633 1163 3685 koni“
1183 3633 1243 3704 (sio)
1261 3650 1309 3701 pro
1329 3633 1478 3701 ,mululkie
1497 3633 1603 3686 konis“.
