4109 5767
1911 324 2211 362 ammon.
3084 309 3218 376 373

935 394 1186 417 ==L

1137 517 1227 581 At
1271 539 1439 603 quae
1484 516 1911 603 impermissis
1956 538 2166 582 venus
2210 517 2423 582 uritur
2468 516 2717 584 innuba
2760 517 3068 603 flammis,

1247 621 1330 687 In
1373 630 1576 688 tetras
1619 620 1949 687 hominem
1996 620 2125 688 sert
2169 621 2563 688 Acherontis
2607 644 2827 710 aquas.

1976 814 2162 880 LIX.

1137 937 1260 1007 Oui
1310 961 1517 1006 venus
1563 939 1785 1028 ignota
1829 948 1929 1005 est
1975 948 2087 1005 aut
2132 939 2345 1006 iustus
2389 938 2690 1028 eognitus
2737 938 2999 1031 hymen,

1248 1046 1546 1116 Pulsabit
1592 1058 1770 1117 eorto
1815 1048 2034 1116 sidera
2082 1046 2257 1117 celsa
2304 1046 2492 1138 pedm

1141 1158 1270 1244 Qui
1321 1180 1477 1226 vero
1522 1159 1763 1227 vetitae
1811 1159 2036 1228 veneri
2084 1182 2155 1228 se
2202 1158 2453 1228 dedidit
2498 1182 2741 1249 amens,

1248 1269 1379 1336 Hie
1424 1268 1657 1338 vivens
1703 1270 1956 1361 stygias
2003 1270 2136 1337 iam
2181 1293 2381 1361 prope
2426 1269 2644 1361 pulsat
2687 1294 2908 1361 aquas.

2002 1463 2151 1529 LX.

1142 1582 1538 1671 caelibibus,
1583 1607 1736 1650 mox
1783 1585 2175 1672 coniugibus
2218 1585 2403 1652 Deus
2448 1585 2711 1652 aethera
2756 1585 3009 1674 pandit3

1249 1690 1465 1758 Exlex
1512 1700 1843 1780 exspectet
1890 1691 2053 1758 ditia
2076 1696 2097 1737 ¹
2143 1714 2347 1780 regna
2391 1714 2619 1759 venus.

1978 1884 2164 1950 LXI.

1143 2006 1385 2073 Debita
1432 2005 1792 2074 caelibibus
1836 2014 1989 2072 sunt
2035 2021 2240 2095 regna
2284 2029 2582 2096 superna,
2629 2006 2881 2073 maritis

1247 2112 1490 2179 Debita
1536 2121 1688 2178 sunt
1733 2111 1981 2199 eadem,
2026 2124 2309 2202 stquue
2355 2135 2564 2201 vagae
2609 2114 2854 2179 veneri.

1957 2302 2176 2368 LXII.

1137 2425 1272 2508 Qui
1318 2424 1572 2493 nullam
1616 2427 1799 2494 novit
1841 2449 2149 2495 venerem
2193 2437 2258 2494 et
2301 2428 2414 2516 qui
2460 2426 2643 2495 novit
2687 2426 3045 2516 honestam,

1247 2533 1519 2603 Caelum
1564 2543 1758 2625 amat,
1801 2535 2134 2603 infernum
2156 2540 2201 2623 ²,
2246 2535 2355 2603 eui
2401 2557 2575 2626 vaga
2618 2545 2772 2602 nota
2817 2558 3044 2604 venus.

1938 2732 2195 2799 LXIII.

1136 2859 1259 2926 Est
1303 2859 1412 2926 eui
1457 2869 1611 2926 nota
1655 2882 1862 2927 venus
1907 2858 2108 2947 nulla,
2154 2870 2222 2927 et
2266 2860 2373 2928 eui
2421 2870 2573 2928 nota
2618 2859 2875 2950 iugalis,

1243 2966 1612 3035 anlorum:
1660 2966 1967 3035 moechus
2012 2968 2180 3034 atria
2224 2968 2402 3034 Ditis
2448 2977 2640 3034 amat.

1922 3160 2213 3228 LXIIII.
2338 3167 2344 3173 ”

1138 3285 1217 3349 In
1266 3284 1519 3351 eaelum
1566 3284 1841 3371 caelebs,
1887 3286 1956 3349 in
2003 3285 2169 3350 caeli
2215 3307 2421 3372 regna
2467 3286 2742 3350 maritus
2787 3289 2792 3294 ’

1244 3388 1395 3475 Ibit,
1440 3399 1759 3455 tartareas
1805 3389 2114 3455 moechus
2158 3391 2353 3458 inibit
2397 3412 2620 3477 aquas.

1964 3579 2177 3645 LXV.

1135 3704 1264 3770 Dis
1311 3714 1539 3792 gratus
1585 3704 1838 3792 superis
1885 3670 2145 3771 caelebs
2190 3713 2544 3792 gratusque
2589 3704 2863 3770 maritus

1243 3810 1574 3895 Creditur3
1618 3809 1896 3879 infernis
1942 3810 2240 3900 improba
2283 3821 2477 3900 grata
2520 3833 2750 3877 venus.

1143 4110 1160 4143 ¹
1198 4113 1400 4165 Contra
1435 4128 1634 4166 morem
1672 4120 1909 4166 veterum
1949 4113 2050 4167 boe
2090 4114 2416 4167 adieetivum
2454 4119 2758 4181 usurpatur.

1141 4199 1164 4231 ⁸
1203 4202 1534 4283 „insnum-ua⁸⁸
1587 4202 1643 4252 vi
1687 4202 2030 4255 substantiva
2086 4209 2376 4269 usurpatur
2422 4202 2636 4254 domum
2682 4204 2762 4255 1v
2807 4208 2929 4270 post
2976 4200 3101 4255 Chr.
3154 4218 3210 4255 u.

923 4291 1157 4344 saeculo.
