4109 5767
526 290 592 355 356
1002 308 1079 343 mn
1099 308 1187 344 noran

1166 378 1263 395 .”“““
1204 377 1212 383 “
1230 377 1235 384 “
1268 388 1406 395 ----—--
1409 376 1673 397 =—¹'——-—·-———

634 496 812 589 Scripturia
835 522 916 589 opus
939 501 1115 566 estanoris
1138 511 1170 567 et
1193 500 1327 567 numine
1349 500 1486 586 Dirum,

687 608 781 691 Quae
804 606 954 677 Christus
978 606 1073 696 dixit,
1095 630 1179 697 quae
1200 631 1328 698 quoque
1350 606 1483 697 Paulus,
1505 631 1595 697 opus,

551 741 600 787 ιι.
630 718 725 803 Quae
748 728 781 785 ct
803 728 928 787 voterea
951 717 1029 785 olim
1054 718 1135 785 iunci
1158 719 1306 787 cecinere
1328 717 1514 809 prophetae,

685 828 729 894 Et
752 850 966 917 quaecunque
989 850 1120 895 socrum
1143 830 1266 918 pagina
1287 850 1404 894 nornen
1428 827 1533 894 habet.

635 936 725 1025 Ergo
748 960 817 1023 voa,
840 938 961 1004 veterio
984 939 1067 1003 ritus
1090 937 1231 1026 fideique
1253 938 1412 1024 magistri,

685 1043 839 1130 Linquite
862 1043 1063 1130 barbaricos,
1085 1044 1219 1108 nomina
1241 1065 1337 1129 vana,
1360 1042 1469 1108 duces.

633 1147 736 1215 Oedat
758 1147 872 1233 Oeam,
896 1147 992 1215 cedat
1014 1148 1160 1214 Maitona
1182 1159 1215 1213 ot
1237 1147 1390 1213 turbidus
1412 1146 1516 1231 olcot,

550 1274 600 1320 ιο.
685 1252 812 1339 Totque
834 1252 993 1337 illaudati,
1015 1251 1157 1318 barbara
1179 1254 1286 1338 turba,
1307 1254 1381 1317 viri.

635 1357 725 1423 Hinc
748 1355 858 1421 nullus
883 1355 1009 1443 Scotua,
1031 1357 1175 1422 Thomas
1197 1356 1277 1423 hinc
1299 1355 1410 1422 nullus
1434 1357 1468 1420 in
1492 1378 1556 1439 ore,

688 1460 808 1528 Nullus
831 1462 1035 1549 Aristoteles,
1058 1463 1170 1530 nullus
1193 1465 1227 1529 in
1251 1486 1307 1529 ore
1330 1462 1431 1529 Plato.

634 1568 822 1658 Scripturas
845 1570 988 1659 proferte
1011 1593 1132 1657 sacras,
1156 1581 1350 1659 cunctosque
1373 1570 1559 1659 prophetas:

687 1676 809 1744 Paulus
832 1678 866 1743 in
890 1701 947 1744 ore
970 1680 1132 1767 frequens.
1155 1678 1306 1747 Christus
1330 1679 1364 1742 in
1388 1700 1444 1742 ore
1468 1678 1636 1764 imaeue.

553 1809 601 1851 ιι.
632 1784 730 1851 Ferte
753 1784 872 1851 referte
894 1796 1027 1875 potrum
1049 1796 1197 1853 veterum
1221 1785 1421 1851 monimenta
1443 1785 1584 1873 piorum,

688 1893 733 1959 Et
755 1915 968 1983 quaecunque
991 1915 1123 1961 oacrum
1145 1894 1266 1984 pagina
1289 1916 1406 1959 nomen
1430 1892 1536 1959 habet

637 2000 710 2067 Hoc
732 2002 833 2090 Deus,
855 2001 919 2069 hoo
942 2014 1089 2069 vestrum
1113 2002 1259 2068 studium
1283 2000 1357 2069 vult
1379 2024 1450 2068 eane
1473 2000 1606 2086 relictio,

689 2109 754 2193 Qui
778 2110 863 2178 molo
886 2134 946 2178 voa
969 2110 1108 2179 anullino
1132 2111 1309 2199 detinuere,
1333 2108 1426 2177 (lolia.

635 2220 778 2286 Vincere
801 2220 850 2286 sic
873 2220 971 2287 focile
995 2233 1092 2309 atque
1115 2219 1187 2287 loco
1209 2220 1386 2286 exturbare
1408 2218 1598 2305 Lutluerurn‚

554 2349 602 2393 co.
689 2326 732 2393 Et
754 2326 914 2415 demoliri,
937 2350 1018 2417 ques
1041 2327 1127 2394 male
1149 2330 1267 2414 iunxit,
1290 2350 1376 2416 open.

636 2434 785 2520 Aspiciat
808 2434 909 2519 Deua,
932 2446 964 2499 et
987 2435 1124 2521 populea
1147 2435 1321 2499 miseratus
1344 2456 1463 2521 egenos

690 2538 813 2605 Pacata
836 2539 891 2605 det
914 2562 973 2604 noa
999 2539 1157 2628 religione
1181 2540 1258 2606 frui.

1091 2944 1120 3009 7.

806 3132 859 3191 De
881 3128 1008 3205 triplici
1033 3145 1215 3205 magorum
1240 3145 1394 3189 munere.

1078 3282 1128 3347 I.¹

637 3401 720 3466 'I'rcs
743 3422 837 3488 roges
861 3399 930 3487 regi
955 3421 1070 3487 regum
1094 3398 1174 3464 (lant
1196 3421 1333 3464 munera
1356 3397 1486 3466 Christo

692 3512 829 3596 Aurum,
853 3519 915 3595 tua,
940 3508 1119 3599 myrrham.
1141 3506 1215 3588 Quo
1238 3508 1303 3573 trin
1325 3506 1411 3572 dona
1434 3507 1557 3573 trium?

638 3620 766 3683 Aurum
787 3627 924 3705 rceptra,
944 3616 1055 3682 Deum
1069 3627 1132 3702 tuo,
1150 3625 1310 3680 monstrat
1322 3614 1458 3705 myrrha
1471 3614 1673 3702 sepulcrumz

691 3727 779 3813 Apte
802 3723 907 3790 tribua
931 3725 995 3790 tria
1018 3735 1095 3790 aunt
1118 3745 1255 3789 munera
1278 3722 1477 3789 muneribus.

1069 3920 1104 3985 11
1115 3920 1136 3985 ².

640 4004 709 4114 Gur
731 4044 828 4111 hodie
850 4044 980 4113 Christo
1004 4068 1097 4131 reges
1121 4046 1185 4109 trie
1208 4044 1294 4110 dona
1316 4041 1485 4109 tulerunt?

649 4180 651 4185 ·
695 4151 731 4219 Si
753 4173 900 4239 quaeres,
923 4174 987 4217 non
1012 4163 1061 4216 oet
1084 4150 1194 4216 ‹licerc
1217 4149 1360 4215 difficile.

642 4302 652 4333 ¹
671 4304 730 4356 Οιι.
750 4302 785 4358 28
809 4326 832 4347 -
857 4320 929 4356 corn.
951 4302 1010 4357 161.

642 4388 653 4421 ³
671 4391 749 4443 corn.
768 4390 812 4444 47.
