4109 5767
878 771 1036 807 rasrrsrro.
1451 760 1532 810 XLV

384 840 501 849 ——.
513 842 537 848 —
545 843 555 848 -
564 841 1526 851 ———-—-—--.-.--—---——-———-—-.-—-

384 853 563 861 ——-—-·---
577 854 890 861 m—--nffl
1355 854 1527 864 --..—

381 987 454 1029 rum
478 966 512 1029 in
536 986 676 1031 censura
698 964 882 1031 exercenda
901 988 943 1032 ne
958 964 1137 1033 sacerdotis
1153 965 1285 1054 quidem
1301 967 1429 1054 virique
1444 968 1532 1033 iuris

383 1072 531 1139 canonici
562 1073 656 1159 periti
688 1072 799 1139 ollicia
829 1072 1038 1159 neglegebat,
1069 1074 1262 1161 saepiusque
1292 1074 1328 1138 in
1350 1074 1527 1163 praesules,

381 1179 437 1267 qui
461 1190 518 1244 aut
540 1180 611 1267 ipsa
635 1178 806 1245 novandae
828 1178 903 1245 fidei
928 1178 1036 1245 studia
1052 1180 1258 1267 adiuvarent,
1280 1189 1337 1245 aut
1351 1180 1437 1246 inter
1451 1202 1527 1268 pro-

383 1286 535 1351 fanarum
558 1308 666 1351 rerum
691 1308 787 1351 curas
810 1286 972 1353 ambitiosi
990 1286 1246 1375 corporibusque
1261 1285 1364 1353 dediti
1380 1287 1527 1353 muneris

383 1392 445 1458 sibi
468 1393 632 1458 commissi
656 1392 936 1477 obliviscerentur,
967 1394 1127 1459 acerrime
1151 1394 1303 1460 invectus
1325 1402 1382 1459 est
1418 1394 1530 1479 Atque

383 1508 420 1564 ut
441 1521 517 1565 acer
539 1500 573 1563 in
597 1499 804 1585 exagitandis
827 1500 926 1583 vitiis,
948 1499 996 1564 ita
1018 1510 1170 1566 strenuus
1193 1500 1227 1563 in
1251 1498 1457 1566 celebrandis
1473 1520 1527 1564 sa-

383 1604 551 1671 cerdotum
574 1604 762 1690 virtutibus,
786 1627 863 1693 proc
886 1606 1002 1673 ceteris
1025 1604 1187 1672 Samuelis
1209 1604 1383 1689 hirseccvii,
1406 1604 1526 1671 deinde

383 1710 556 1779 Garncovii
588 1712 850 1799 Domanoviique
883 1711 1105 1799 integritatem
1135 1712 1223 1777 vitae
1257 1712 1527 1800 sanctitatemque

383 1841 508 1883 morum
532 1818 733 1885 carminibus
756 1818 948 1884 testificatus
971 1827 1028 1884 est.
1063 1820 1271 1906 Quantopere
1293 1828 1401 1885 autem
1426 1840 1527 1885 curae

382 1925 412 1990 ai
437 1924 544 2007 fuerit,
567 1933 604 1989 ut
627 1923 696 1989 vita
718 1946 888 2010 moresque
912 1923 1081 1991 christiani
1096 1924 1216 2009 integri
1232 1934 1451 2007 servarentur,
1467 1923 1525 1987 do·

382 2039 533 2095 cumento
557 2028 610 2096 vel
634 2028 668 2093 id
684 2050 755 2094 esse
771 2038 883 2116 potest,
906 2028 992 2116 quod
1008 2027 1050 2095 de
1067 2027 1262 2095 Iudaeorum
1278 2028 1431 2095 liberiore
1446 2049 1525 2094 cum

383 2133 513 2201 Polonis
537 2136 750 2224 Lituanisque
773 2136 967 2202 commercio
990 2135 1097 2223 dequo
1119 2157 1231 2201 eorum
1261 2134 1349 2224 apud
1372 2145 1531 2221 utrosque

383 2242 464 2309 iuris
486 2241 679 2309 condicione
701 2243 924 2331 conqueritur:
947 2243 1041 2309 nel'us
1063 2243 1149 2309 enim
1173 2266 1244 2309 esse
1266 2241 1396 2331 exlege
1412 2241 1526 2309 divina

382 2350 560 2418 christiano
583 2350 670 2439 apud
694 2350 833 2417 Iudaeos
849 2350 964 2417 famuli
980 2373 1116 2417 munere
1132 2350 1235 2439 fungi,
1258 2352 1397 2418 cumeis
1414 2350 1526 2417 cibum

382 2480 512 2548 capere,
542 2458 664 2545 lavari,
694 2459 842 2527 babitare
865 2482 1041 2548 eorumque
1064 2458 1298 2526 consuetudine
1325 2460 1390 2546 uti,
1419 2480 1526 2547 neque

382 2590 521 2656 aequm
545 2591 617 2635 esse
641 2567 772 2634 Iudaeis
788 2567 936 2635 fenerare
951 2568 1147 2655 permittere,
1169 2566 1204 2633 id
1219 2567 1307 2657 quod
1322 2568 1437 2633 divina
1452 2566 1531 2654 lege

383 2674 551 2739 christiani
568 2674 800 2761 prohibeantur
815 2675 938 2756 (Dacis.
953 2672 999 2740 lit.
1015 2674 1057 2759 V,
1072 2676 1150 2756 3223
1171 2676 1237 2740 218
1253 2696 1333 2762 sqq.;
1358 2675 1423 2741 233
1436 2675 1532 2760 sqq).

489 2780 642 2871 Royzius,
666 2792 701 2846 ut
723 2781 864 2868 scripsit,
885 2781 932 2845 ita
956 2780 1108 2869 pleraque
1131 2802 1202 2846 esse
1224 2778 1287 2846 sibi
1311 2788 1531 2868 persuaserat.

382 2908 465 2976 quae
488 2886 561 2952 aliis
585 2887 803 2975 praecipiebat
819 2895 876 2953 aut
890 2885 1117 2975 exprobrabat,
1140 2887 1259 2975 ipsein
1275 2887 1345 2951 vita
1360 2884 1525 2953 communi

383 2994 578 3081 sequebatur
601 3003 658 3060 aut
680 2994 814 3079 vitabat,
828 3032 872 3043 -
896 2992 999 3060 multa
1021 3004 1130 3061 tamen
1153 2994 1293 3082 quaein
1317 2993 1422 3061 lucem
1445 2992 1532 3060 emi·

383 3111 478 3185 serat,
501 3124 566 3167 non
589 3101 731 3187 ingenuo
753 3102 833 3166 artis
857 3099 965 3165 studio
988 3101 1153 3189 animique
1176 3102 1304 3167 sincero
1327 3101 1446 3167 affectu
1468 3099 1528 3163 de-

383 3206 510 3290 bentur,
540 3205 597 3271 sed
629 3206 769 3271 fortuitis
800 3228 909 3271 rerum
934 3204 1195 3289 condicionibus,
1227 3207 1315 3271 vitae
1337 3202 1531 3288 commodis,

383 3311 563 3377 amicorum
578 3320 851 3399 patronorumque
865 3309 1037 3377 desideriis
1052 3310 1373 3397 invitationibusque.
1394 3310 1435 3375 In
1451 3307 1528 3375 bre-

383 3418 482 3483 vibus
512 3417 772 3504 epigrammatis,
802 3417 836 3481 in
864 3415 983 3504 quibus
1005 3439 1077 3502 eos,
1107 3438 1247 3501 quorum
1268 3417 1350 3481 vitia
1372 3414 1532 3499 traducit,

384 3545 448 3588 nou
471 3532 648 3610 nuncupat,
671 3521 861 3610 plerumque
883 3523 1016 3609 ingenio
1039 3545 1097 3587 suo
1120 3522 1318 3610 obsequitur,
1348 3521 1383 3586 in
1406 3520 1527 3588 carmi-

384 3629 481 3695 nibus
503 3651 582 3696 vero
601 3629 699 3695 certis
719 3628 905 3696 nominibus
921 3629 1088 3715 inscriptis
1105 3627 1293 3716 saepissime
1308 3638 1341 3694 et
1356 3628 1407 3693 sui
1422 3627 1532 3714 ipsius-

384 3746 560 3821 eteorum,
583 3733 701 3824 quibus
724 3734 848 3819 scribit,
871 3736 997 3801 ratione
1020 3734 1189 3823 gratiaque
1205 3733 1347 3801 ducitur.
1370 3733 1468 3800 Unde
1490 3732 1526 3799 id

384 3843 489 3931 ipsum
514 3840 703 3929 explicabis,
725 3842 812 3930 quod
835 3843 982 3907 carmina
998 3842 1069 3907 eius
1085 3840 1276 3931 plerumque
1291 3841 1333 3907 ad
1349 3842 1439 3907 viros
1454 3841 1533 3906 sivo-

385 3950 419 4013 in
442 3947 576 4015 Polonia
598 3949 670 4015 sive
692 3947 779 4036 apud
802 3958 931 4015 exteros
955 3949 1070 4037 opibus
1092 3950 1240 4036 gratiave
1266 3949 1412 4035 insignes
1441 3945 1528 4013 refe-

385 4066 511 4143 runtur,
542 4054 628 4123 docti
659 4066 767 4123 autem
791 4054 988 4144 litteratique
1015 4056 1114 4122 etiam
1136 4056 1182 4138 ei,
1213 4078 1349 4143 quorum
1381 4054 1529 4121 amicitia

386 4162 545 4253 utebatur,
567 4174 624 4231 ant
646 4186 826 4253 nunquam,
850 4174 886 4230 ut
907 4164 1048 4230 Ioannes
1071 4162 1299 4232 (locbanovius
1321 4173 1355 4230 et
1370 4161 1533 4231 Nicolaus

384 4270 513 4365 Royus,
551 4284 607 4340 aut
637 4296 712 4340 raro
743 4296 903 4363 parceque
934 4284 1239 4357 commemorantur,
1273 4271 1461 4361 praesertim
1497 4270 1527 4337 si

385 4380 638 4449 ailbiliasticbo
660 4381 806 4449 carmine
829 4379 976 4466 recedas,
1008 4380 1102 4447 cuius
1124 4381 1324 4469 propositum
1347 4378 1527 4468 pleniorem

383 4489 526 4577 partium
545 4488 702 4555 ecclesiae
717 4510 871 4554 romanae
886 4489 1141 4576 recognitionem
1158 4487 1354 4575 requirebat.
1377 4488 1422 4552 At
1437 4486 1528 4554 circa

385 4596 661 4662 remunerationes
684 4593 908 4683 sportulasque
939 4604 996 4661 aut
1019 4595 1237 4682 assequendas
1261 4604 1319 4659 aut
1340 4602 1436 4682 grata
1458 4614 1528 4658 me·

385 4703 488 4766 moria
511 4700 766 4789 prosequendas,
798 4702 887 4767 circa
916 4711 1030 4766 acutas
1056 4701 1262 4766 inimicorum
1287 4700 1453 4765 irrisiones
1475 4700 1528 4763 in·

384 4808 613 4894 vectionesque
637 4828 729 4872 musa
751 4808 821 4873 eius
844 4806 1119 4894 praetermodum
1136 4805 1380 4873 fereversatur.
1401 4804 1528 4892 Regem
