4109 5767
1514 709 1579 777 165

545 929 707 1017 Gnesnae,
730 951 814 1017 quas
834 937 967 1016 septem,
989 948 1128 1015 magnae
1149 924 1241 992 velut
1262 922 1391 992 aemula
1410 923 1543 1009 Romae,

546 1036 668 1104 Eduoit
690 1035 789 1104 eolles
810 1043 844 1103 st
866 1057 936 1102 sese
958 1033 1076 1100 attollit
1098 1034 1134 1098 in
1156 1054 1261 1099 aures.

545 1143 636 1210 Inter
657 1165 738 1230 qnos
761 1141 866 1209 aderit
888 1141 1007 1228 pietate
1029 1139 1169 1226 insignis
1191 1147 1224 1205 st
1246 1161 1302 1205 ors

546 1245 702 1313 Zidovins
724 1245 864 1335 praesul,
886 1245 1032 1332 iurisque
1053 1244 1177 1331 peritus
1199 1252 1232 1309 et
1253 1241 1350 1330 aequi

440 1368 513 1414 uso.
546 1348 680 1416 Psorins
702 1358 735 1414 et
757 1349 875 1414 nostris
897 1347 979 1414 alter
1000 1345 1223 1412 Dsmbrovius
1246 1345 1341 1410 annis

547 1453 658 1520 Iustus
681 1453 855 1537 Aristidem
878 1475 940 1520 neo
962 1475 1028 1520 non
1051 1452 1261 1521 (lrussinins¹
1282 1471 1426 1538 aequans

547 1561 634 1628 Ante
657 1583 760 1627 annos
782 1560 918 1647 senium,
941 1569 1007 1647 tun,
1028 1559 1218 1648 Papiniano,
1241 1565 1372 1624 secutus

548 1668 657 1734 Doota
678 1667 792 1735 volens
814 1667 944 1756 placitu,
966 1667 1112 1734 ausoniis
1134 1688 1200 1733 non
1222 1664 1361 1753 impiger
1382 1662 1457 1729 oris.

548 1775 626 1842 Mox
649 1775 706 1842 alii
728 1785 825 1866 atquo
848 1775 915 1864 alii,
937 1774 1108 1842 dootorum
1131 1783 1164 1843 et
1186 1772 1287 1841 eorda
1307 1771 1454 1838 virorum

440 1905 517 1951 ses.
551 1882 680 1974 Inolite,
702 1885 758 1974 qui
781 1882 879 1952 robus
901 1883 1027 1973 possint
1048 1903 1240 1952 succurrere
1261 1880 1357 1948 fessis

548 1991 737 2081 Prolapsum
759 2002 792 2060 et
813 1992 878 2060 lete
900 1993 988 2060 Latii
1010 1992 1194 2059 instaurare
1215 1989 1353 2057 ruinam·

637 2100 682 2166 llt
703 2110 749 2188 tu,
771 2100 972 2190 magnanimi
995 2121 1113 2167 nomen
1136 2099 1250 2165 sortito
1270 2095 1373 2164 leonio

549 2205 654 2288 Quem
677 2207 755 2276 oolit
777 2206 866 2297 urbs,
887 2209 1032 2297 Ligenza
1041 2213 1063 2296 ²,
1085 2207 1188 2274 saeris
1209 2204 1367 2295 praefecit
1388 2211 1421 2271 et
1442 2203 1508 2269 arie

548 2315 723 2383 Pontifices
745 2338 853 2404 supra,
876 2338 940 2403 quo
962 2339 1027 2383 non
1051 2316 1225 2404 septentrio
1247 2322 1334 2381 totus
1393 2341 1396 2344 ⁴

442 2442 516 2487 roo.
550 2421 720 2510 Religione
742 2421 826 2509 tulit,
848 2422 923 2490 tulit
945 2433 1001 2489 aut
1023 2423 1143 2512 pietate
1164 2423 1314 2512 priorem,

549 2529 589 2595 In
613 2537 760 2596 sanctam
782 2528 869 2595 hano
891 2530 1043 2617 viresque
1065 2529 1150 2596 feres
1172 2538 1206 2595 et
1227 2526 1344 2595 robora
1364 2551 1518 2618 pugnum

637 2635 789 2701 Andreas
811 2635 889 2702 inde
910 2636 937 2700 it
958 2634 1205 2720 Zebridovius⁸,
1225 2633 1349 2700 Albula
1371 2636 1466 2701 ouius

550 2739 686 2826 -Non,
707 2741 877 2826 Parnasso,
900 2741 949 2806 tui
971 2742 1232 2808 fontes—saera
1253 2740 1374 2828 proluit
1395 2762 1461 2829 ora,

551 2845 594 2910 Et
618 2843 718 2912 fando
740 2845 866 2912 olorum
889 2844 967 2912 feeit
988 2845 1167 2934 linguaque
1189 2845 1356 2912 disertum.

444 2970 517 3017 roe.
551 2951 726 3019 Pontifices
748 2952 833 3019 inter
854 2974 919 3018 non
941 2951 1005 3020 hoo
1026 2961 1076 3018 est
1099 2953 1204 3019 aerior
1226 2951 1313 3018 ullus

551 3056 768 3145 Sauromates,
791 3081 885 3125 nemo
907 3081 1002 3126 soora
1023 3059 1097 3124 iura
1119 3056 1277 3126 audacius
1299 3059 1399 3126 armis

551 3164 725 3254 Correptio,
747 3166 846 3233 etiam
868 3189 920 3234 res
943 3167 971 3233 si
993 3167 1106 3255 exigat
1128 3189 1228 3255 armo,
1250 3176 1368 3235 tuetur.
1427 3167 1431 3172 ’

550 3272 660 3338 Irritet
683 3295 902 3362 quosounque,
925 3272 1021 3341 adeat
1043 3294 1256 3362 quaeeunque
1277 3273 1401 3362 periola

549 3378 614 3444 Pro
636 3377 765 3446 Christo
788 3377 972 3467 Christique
994 3378 1069 3464 fide,
1090 3378 1177 3445 levia
1199 3378 1308 3444 omnia
1329 3377 1430 3446 dnoit

445 3505 517 3550 rto.
552 3483 641 3564 Quin
663 3482 786 3572 gautlet
807 3492 936 3572 patrum
958 3506 1016 3573 pro
1039 3483 1195 3572 religione
1217 3484 1384 3565 Quiritum

553 3589 678 3657 Probra
700 3591 777 3680 pati,
799 3589 931 3679 linguas
953 3590 1065 3658 ridens
1088 3602 1120 3658 et
1141 3591 1250 3679 iurgia
1271 3589 1374 3680 vulgi,

552 3698 685 3766 Assueti
707 3698 818 3764 dirum
839 3697 936 3766 dietis
959 3721 1131 3788 aspergere
1152 3698 1244 3764 virus

552 3806 595 3872 Et
617 3805 764 3894 nimium,
786 3804 860 3894 heu,
882 3807 1020 3873 nimium
1043 3805 1152 3874 verbis
1174 3806 1319 3874 laoerare
1341 3805 1493 3874 nefandis

551 3912 784 4004 Presbyterum
805 3936 910 4002 genus
932 3937 1036 4000 omne,
1058 3924 1091 3981 et
1113 3913 1269 4002 quioquid
1290 3914 1413 3982 vertioe
1434 3938 1509 3982 reso

445 4039 520 4087 uss.
556 4019 616 4084 Est
637 4017 815 4106 hominnm,
837 4041 953 4108 gazam
975 4020 1033 4108 qni
1055 4029 1276 4109 oontempsere
1297 4029 1468 4088 nooentem

554 4251 562 4284 ¹
582 4247 695 4302 Videtur
713 4264 772 4302 esse
790 4250 962 4316 molseon,
980 4251 1148 4318 praepositus
1167 4249 1310 4317 ploratis,
1330 4267 1356 4305 a.
1375 4248 1447 4304 1565
1464 4250 1589 4304 deseen-

439 4339 573 4394 stellaris·
591 4339 676 4407 regul,
694 4354 720 4391 a.
739 4336 809 4392 1572
828 4339 1025 4392 eraoovisnsern
1044 4340 1227 4408 episeopatnn
1245 4339 1368 4408 adeptus,
1387 4354 1412 4391 a.
1431 4337 1502 4393 1577
1518 4356 1588 4392 nor·

441 4434 515 4482 tum.
535 4428 660 4480 cetorum
678 4433 707 4480 st
724 4429 809 4480 lrstsr
826 4429 884 4481 elus
902 4427 1063 4494 Sunlslsns,
1080 4427 1152 4496 regis
1169 4428 1340 4495 meuriss,
1358 4427 1450 4481 eodem
1469 4434 1589 4496 tempore

444 4516 584 4570 lnulsrnlt.

553 4603 660 4660 'reus
683 4605 803 4676 isigonus
827 4604 944 4675 archiep.
968 4605 1146 4675 lsopolitsnns
1170 4602 1421 4674 ι5ι1554,051.
1445 4611 1510 4660 nuto
1527 4599 1588 4660 llsl.

441 4697 526 4749 Mart
545 4712 570 4766 ᾳ.
591 4693 669 4750 1550.

554 4782 730 4854 'ltplsoopus
749 4785 929 4840 orsoovisnsls
947 4801 989 4840 aa.
1011 4783 1197 4842 1551-1550.
