4109 5767
754 789 791 826 ιιι
808 789 922 826 messos
938 789 1088 828 araurem
1105 789 1294 832 resumet·
1318 823 1337 850 Ν
1532 775 1597 842 159

1004 1183 1057 1251 bb.

672 1375 724 1440 Ad
748 1374 957 1442 IOANNEM
979 1373 1386 1460 CHRISTOPORINUM,

819 1500 997 1554 antolianum
1015 1499 1210 1553 vieluuieusem
1219 1499 1235 1552 ¹.

1018 1660 1045 1727 1.

714 1827 756 1878 De
774 1827 846 1878 libro
868 1841 922 1876 suo
941 1827 1120 1878 ὓεείιίοιιιιιιι
1140 1827 1341 1878 lituunleurum.

566 1949 817 2039 Ohristoporine,
839 1950 929 2038 legas
952 1950 1054 2017 nostri
1078 1960 1286 2018 monumenta
1308 1950 1438 2038 laboris,

566 2057 659 2137 Quae
681 2058 782 2124 iudex
805 2080 908 2146 nuper
931 2057 1032 2123 Vilua
1054 2057 1235 2124 meditabar
1255 2057 1291 2124 in
1313 2057 1389 2144 alta,

565 2165 656 2230 Dum
679 2162 797 2252 populo
819 2165 871 2229 ius
894 2163 969 2231 dico
991 2185 1174 2251 gravesque
1197 2163 1325 2231 resolvo
1348 2164 1505 2252 querelas,

565 2271 691 2360 Ouique
713 2293 809 2338 suum
831 2270 988 2356 tribuens,
1010 2293 1074 2358 quo
1097 2292 1161 2336 non
1184 2279 1234 2338 est
1257 2271 1401 2338 sanetius
1425 2268 1528 2337 ullum

505 2400 532 2445 s.
563 2379 604 2444 In
626 2379 722 2445 terris
746 2399 875 2444 munus.
898 2377 971 2457 Quo
994 2377 1051 2466 qui
1074 2376 1273 2465 defungitur,
1295 2378 1368 2444 auri

566 2484 727 2552 Illecebra
749 2483 877 2551 illectus
900 2483 991 2550 nulla
1014 2483 1239 2572 precibusque,
1262 2494 1414 2573 metuque

565 2592 679 2678 Maior,
701 2593 881 2656 amicorum
904 2613 969 2656 non
992 2590 1168 2657 exorabilis
1192 2590 1258 2676 ulli,

566 2697 640 2762 Nou
663 2697 870 2762 inimicorum
893 2697 1001 2762 causis
1023 2696 1181 2781 infensus,
1205 2696 1325 2785 ubique

566 2802 677 2867 Iustus
700 2801 821 2889 ubique
843 2825 974 2889 aequus,
997 2803 1077 2868 recti
1101 2801 1266 2868 studiosus
1289 2802 1418 2890 ubique,

486 2929 532 2974 ιο.
562 2907 712 2974 Iustitiae
735 2906 848 2973 cultor.
869 2907 951 2974 Plus
973 2905 1036 2974 hoc
1059 2929 1124 2973 non
1148 2906 1236 2973 utilis
1260 2907 1331 2974 orbi
1353 2917 1402 2975 est

566 3014 637 3082 Nec
658 3013 773 3082 melior
795 3014 890 3082 terris
912 3015 1044 3102 gentive
1066 3015 1229 3104 acceptior
1251 3014 1320 3081 ulli.

565 3121 705 3211 llxeipio
727 3121 784 3211 qui
807 3131 966 3190 monstrat
987 3122 1058 3211 iter,
1085 3146 1149 3212 quo
1172 3122 1277 3190 fertur
1299 3121 1341 3190 ad
1365 3145 1439 3190 aras

565 3230 716 3298 Siderous
739 3229 867 3296 animus
890 3221 1047 3320 sedesque
1070 3231 1201 3297 affectat
1222 3230 1356 3322 olympi,

565 3337 688 3404 Rerum
710 3336 927 3404 humanarum
949 3336 1069 3404 oblitus
1092 3337 1283 3426 fraudisque
1305 3337 1444 3427 dolique,

486 3464 531 3508 rs.
561 3443 680 3529 Mente,
702 3443 775 3509 Deo
797 3452 834 3509 ut
855 3441 991 3532 placeat,
1013 3443 1174 3510 meditans
1197 3453 1230 3510 et
1251 3453 1383 3531 pectore
1405 3453 1484 3510 toto:

565 3549 665 3614 Hune
687 3570 790 3613 uuum
812 3549 949 3637 excipio,
972 3549 1068 3635 cedit,
1090 3571 1173 3637 quae
1196 3559 1304 3616 cetera
1327 3549 1424 3616 turba
1446 3559 1496 3616 est

565 3655 756 3741 Doctorum,
779 3654 896 3721 studiis
918 3654 1029 3743 legum
1052 3655 1225 3745 legumque
1246 3657 1368 3744 peritis.

563 3762 652 3849 Ergo
675 3761 756 3828 colis
778 3763 834 3851 qui
857 3762 1024 3848 iustitium,
1046 3763 1103 3851 qui
1126 3764 1252 3830 amicus
1274 3762 1402 3830 honesti
1425 3786 1468 3849 es,-

564 3868 637 3934 Hoc
659 3891 744 3955 quae
765 3878 994 3956 argumentum
1016 3878 1159 3934 tractant
1181 3879 1379 3958 versantque
1400 3869 1554 3956 laborem,

481 3997 531 4039 ao.
561 3973 813 4061 Ohmetoporine,
835 3972 926 4060 legas
950 3975 1053 4040 nostri
1076 3985 1286 4041 monumenta
1307 3974 1438 4042 laboris.

566 4219 574 4250 ¹
593 4219 692 4270 Omnia
709 4218 785 4282 haee,
810 4233 879 4284 quae
897 4227 1045 4284 sequuntur
1064 4219 1184 4271 carmina
1203 4219 1237 4270 ad
1256 4218 1485 4286 christoporinum
1504 4218 1601 4286 (Krey-

456 4307 616 4375 srtoporskl)
635 4308 745 4374 scripta,
763 4313 920 4374 repetuntur
937 4324 971 4360 ex
989 4309 1067 4374 libro,
1085 4325 1110 4375 q.
1130 4308 1147 4359 ἰ.
1166 4307 1290 4361 Andreae
1302 4308 1423 4374 Tricorii,
1442 4308 1540 4376 equitis
1554 4325 1601 4376 pe·

457 4397 513 4448 loni
532 4396 761 4464 Epigrammatum
781 4397 850 4450 liber
868 4399 903 4462 11,
922 4398 1068 4450 cracoviae
1087 4399 1362 4464 spermatum.
1378 4397 1456 4452 1565.
1476 4399 1602 4451 Ceterum

456 4486 552 4538 titulus
570 4486 643 4551 libri,
661 4487 737 4540 cuius
756 4488 893 4554 exemplar
910 4487 939 4538 iu
958 4487 1122 4540 bibliotheca
1140 4487 1274 4540 ossoliuea
1290 4505 1311 4539 s.
1331 4505 1356 4539 u.
1378 4486 1465 4543 17467
1478 4503 1601 4540 umne-

457 4582 515 4627 tum
533 4575 562 4626 ln
581 4592 659 4628 urum
677 4593 766 4628 meum
784 4576 889 4642 vocavi,
908 4583 1000 4643 utpote
1018 4577 1127 4630 evulsus
1146 4583 1173 4628 et
1185 4577 1332 4630 recentiore
1345 4593 1428 4628 manu
1440 4577 1600 4646 adscriptus,

457 4681 567 4730 anuum,
591 4667 619 4718 ui
639 4667 728 4725 fallor.
752 4667 841 4734 prodit
859 4683 922 4719 vero
940 4667 1064 4733 priorem,
1089 4669 1220 4734 siquidem
1244 4667 1380 4720 Niesieeki
1406 4667 1538 4735 (Herbarr
1557 4668 1598 4720 etl.

457 4755 612 4808 Bobrowics
629 4757 682 4809 vol.
701 4757 725 4824 l)
743 4764 815 4810 recte
833 4757 939 4808 rettulit
956 4758 994 4808 10.
1013 4756 1243 4823 christoporinum
1256 4771 1298 4808 aa·
1315 4755 1602 4811 1567-1581022201-

455 4843 550 4895 leuum
568 4845 763 4898 vieluuieusem
782 4847 872 4898 ίιιίιιο.
