4109 5767
883 757 1040 793 raaanmc.
1427 744 1531 795 xnvu

807 838 1023 847 ------—-.--
1036 840 1218 847 m.-.-...·.—..-

384 951 551 1038 missoque
573 950 727 1041 Royaius,
759 972 834 1017 cum
857 948 981 1015 frustra
1003 972 1123 1037 equum
1145 950 1342 1037 promissum
1363 962 1534 1040 exspecta-

386 1068 447 1137 ret
469 1078 602 1123 wrcen
627 1058 767 1145 scripsit,
790 1056 824 1121 in
848 1078 912 1142 quo
935 1056 1071 1141 iocatur,
1093 1078 1213 1144 equum
1235 1066 1291 1122 aut
1306 1055 1445 1145 pedibus
1460 1080 1532 1125 esse

382 1174 519 1251 captum
543 1172 601 1228 ant
630 1162 809 1229 estabelis
833 1161 1027 1249 profugisse,
1058 1183 1133 1229 cum
1163 1172 1231 1227 mm
1260 1162 1358 1249 longo
1387 1173 1532 1251 tempore

386 1292 451 1335 non
476 1270 603 1335 veniret
625 1267 668 1334 ad
691 1291 776 1354 eum,
799 1268 852 1336 oni
876 1279 961 1333 esset
979 1268 1161 1335 destinatus
1183 1269 1240 1357 (II,
1260 1270 1323 1336 201
1342 1271 1410 1359 sq).
1432 1271 1532 1336 Prae-

386 1386 437 1443 ter
467 1376 631 1465 epitaphia
661 1375 932 1465 epithalamiaque
962 1375 1067 1442 multa
1096 1376 1224 1443 minora
1253 1378 1400 1444 carmina
1430 1378 1531 1444 variis

388 1482 496 1570 rebus,
520 1493 556 1549 ut
579 1484 813 1569 stemmatibus,
828 1481 931 1569 libris,
947 1482 1155 1571 imaginibus,
1169 1484 1347 1570 tormentis,
1362 1483 1531 1572 aedificiis,

385 1588 575 1677 horologiis,
597 1589 799 1658 illustrandis
823 1600 881 1656 aut
903 1589 1109 1657 celebrandis
1131 1589 1342 1658 inscribenda
1363 1612 1384 1655 a
1405 1590 1530 1681 Royaio

386 1698 664 1787 componebantur
693 1699 751 1783 (ΙΙ,
780 1700 831 1782 16,
859 1697 975 1781 xvl13
1006 1698 1197 1782 aso-2853
1230 1698 1419 1783 lat-1373
1451 1700 1529 1783 1113

391 1806 455 1871 168
479 1826 537 1893 sqq
564 1806 640 1886 1703
663 1807 742 1888 3373
766 1805 966 1887 aso-487).

495 1912 668 1977 Praeterea
689 1911 779 1976 misit
801 1932 898 1999 saepe
920 1910 1064 2001 Royzius
1087 1909 1270 1977 fautoribus
1297 1911 1412 1976 amicis
1435 1909 1533 1976 fami·

387 2013 589 2103 liaribusqne
611 2038 676 2080 non
700 2015 822 2101 solum,
851 2038 932 2104 quos
963 2017 1033 2103 ipse
1055 2025 1295 2105 composuerat,
1325 2015 1443 2101 libros,
1473 2015 1531 2082 sed

387 2122 486 2187 etiam
510 2144 586 2188 rara
615 2133 753 2209 aptaque
776 2121 914 2188 aliorum
945 2132 1115 2188 anctorum
1144 2144 1243 2209 opera
1272 2122 1383 2210 eisque
1414 2120 1532 2187 adiun-

387 2227 486 2315 gebat
508 2250 568 2293 sua
590 2230 736 2295 carmina
759 2228 1030 2295 commendaticia
1060 2229 1131 2295 sive
1161 2230 1391 2316 propemptica.
1430 2227 1530 2294 Haud

387 2354 464 2399 raro
485 2334 583 2399 etiam
607 2335 787 2400 amicorum
811 2356 944 2400 suorum
967 2356 1065 2423 opera
1087 2334 1122 2399 in
1145 2332 1314 2423 publicum
1336 2332 1463 2401 edenda
1486 2334 1531 2399 si-

385 2439 520 2505 milibus
544 2441 754 2527 carminibus,
781 2463 865 2529 quae
887 2440 1017 2507 illoram
1041 2451 1222 2529 temporum
1245 2463 1335 2508 more
1357 2452 1414 2508 aut
1436 2462 1531 2530 prae-

387 2547 600 2613 mittebantur
633 2559 724 2615 textu
760 2558 817 2614 aut
851 2549 1142 2637 postponebantur,
1180 2550 1396 2616 comitabatur
1432 2558 1530 2635 atque

386 2653 645 2719 commendabat.
668 2655 775 2741 Atque
791 2676 885 2719 musa
901 2653 958 2719 illa
973 2655 1141 2722 subsiciva
1157 2653 1394 2741 sollemnisque,
1416 2676 1533 2741 quam-

387 2779 485 2844 quam
510 2759 617 2823 rniuus
641 2758 828 2845 honorilice,
851 2759 994 2825 sterilem
1018 2783 1054 2825 se
1073 2783 1138 2825 non
1154 2760 1315 2848 praestitit
1329 2768 1450 2847 poetae,
1473 2758 1531 2845 qni

387 2885 463 2929 cum
486 2887 521 2930 se
544 2866 633 2932 eirea
656 2889 685 2932 a.
710 2867 792 2933 1550
808 2876 912 2933 toturn
928 2866 996 2933 fers
1012 2865 1055 2932 ad
1071 2865 1190 2932 iudicis
1206 2866 1315 2932 officia
1331 2864 1531 2950 contulisset,

388 2993 489 3037 senex
511 2982 682 3061 expertum
705 2997 740 3040 se
763 2996 834 3041 esse
857 2974 1002 3061 iniquam
1027 2974 1133 3041 Dicen
1156 2974 1252 3041 deam
1268 2982 1463 3060 conquestus
1479 2972 1532 3059 sit,

388 3076 476 3165 quod
498 3081 656 3165 pecuniae
679 3081 880 3147 carminibus
904 3092 1016 3169 partae
1031 3089 1197 3168 expertem
1214 3102 1249 3146 se
1263 3078 1460 3145 reddidisset
1475 3078 1533 3163 (ΙΙ,

389 3185 464 3270 221,
487 3185 540 3267 V).

494 3290 647 3380 Royaius,
669 3316 866 3381 quamquam
889 3292 1028 3359 Polonos
1051 3292 1238 3357 summatim
1261 3290 1375 3358 laudat
1398 3293 1534 3359 vicinis-

389 3420 453 3485 que
475 3396 628 3485 gentibus
650 3397 852 3465 humanitate
874 3410 1040 3487 praestare
1063 3399 1184 3465 latetur
1205 3399 1267 3483 (II,
1290 3400 1366 3485 267,
1389 3400 1453 3485 26),
1484 3410 1534 3465 ta·

390 3526 466 3569 men
490 3504 571 3569 vitia
593 3527 705 3570 eurum
728 3527 790 3572 nec
813 3503 897 3573 celat
920 3527 981 3572 nee
1003 3503 1198 3571 dissimulat
1231 3505 1307 3593 Ipse
1329 3506 1399 3571 vini
1429 3504 1535 3570 lauta-

390 3632 528 3701 rumque
551 3634 706 3679 cenurmn
729 3621 863 3699 arnator,
887 3612 1024 3681 Polonos
1047 3614 1213 3678 tamenin
1229 3612 1343 3679 eadam
1360 3634 1396 3679 re
1410 3612 1533 3679 iustum

390 3718 523 3785 modum
546 3720 705 3788 axmdere
727 3744 882 3809 persaepe
904 3722 1060 3810 queritur,
1091 3720 1216 3786 animos
1247 3744 1360 3788 eorum
1390 3719 1432 3787 ad
1461 3722 1534 3787 imi-

390 3825 507 3891 tandos
530 3836 715 3894 exterorum
739 3850 845 3895 mores
868 3826 1071 3915 habitusque,
1101 3825 1143 3892 ad
1166 3827 1334 3916 profusam
1357 3827 1534 3914 luxuriam,

390 3929 557 3997 licentiam
569 3932 830 4022 discordiamque
843 3955 970 4021 pronos,
986 3942 1086 4016 notat,
1102 3930 1266 3998 interdum
1278 3935 1374 3998 etiam
1387 3933 1533 3998 firmiora

391 4037 521 4124 pietatis
544 4039 728 4126 amorisque
750 4039 886 4105 vincula
909 4040 995 4104 inter
1016 4039 1167 4125 proxima
1190 4039 1382 4125 oognations
1404 4039 1533 4104 iunctos

391 4142 557 4210 desiderat
579 4144 635 4231 (II,
659 4146 724 4213 265
748 4151 816 4234 sq).
855 4146 915 4211 Est
937 4156 1048 4211 tamen
1071 4144 1248 4232 interdum,
1279 4143 1335 4211 ubi
1365 4144 1536 4233 indulgeat

391 4250 450 4317 vix
473 4249 704 4321 tolerabilibus.
728 4254 812 4320 Nam
836 4253 934 4344 plecti
958 4254 1065 4343 eapite
1088 4253 1177 4320 furtu
1198 4252 1398 4343 plebeiorum
1421 4276 1464 4321 ex
1478 4278 1536 4342 po-

391 4358 487 4426 lanae
509 4360 591 4448 lagis
613 4362 821 4452 praescripto,
843 4361 878 4427 id
898 4361 985 4451 quod
1002 4371 1099 4429 antea
1114 4362 1224 4428 Fricio
1239 4360 1408 4428 Modrevio
1423 4384 1536 4427 assen-

391 4468 475 4533 tiens
507 4468 738 4556 indignabatur
768 4471 828 4557 (11,
857 4472 920 4537 207
945 4474 1013 4559 sq),
1044 4471 1079 4535 in
1108 4469 1341 4537 Deeisionibns
1370 4468 1535 4537 lituanicis

391 4574 466 4661 (Ill,
488 4576 677 4661 393-395)
707 4599 745 4643 eo
775 4578 927 4645 excusari
950 4601 1044 4667 posse
1066 4575 1197 4664 scribit,
1227 4576 1314 4666 qnod
1340 4578 1375 4642 in
1398 4575 1534 4642 Polonia

392 4683 506 4749 rustici
529 4682 634 4771 plebei
658 4683 701 4748 ad
724 4684 813 4750 furta
835 4684 933 4749 nimis
956 4685 1022 4750 sint
1045 4683 1147 4772 proni.
1181 4684 1397 4749 Litnanorum
1420 4682 1535 4750 Samo·

390 4790 596 4878 gitarurnque
618 4790 750 4877 ingenia
773 4804 870 4879 atque
901 4814 1007 4857 mores
1031 4792 1139 4856 annus
1161 4814 1259 4880 quam
1283 4789 1479 4857 Polonorum
1502 4792 1533 4859 ei
