4109 5767
748 736 885 788 cxxxiv
965 760 970 768 ·

747 955 784 1010 ut
806 945 950 1036 Royeius
972 945 1035 1011 hoe
1058 944 1220 1034 stipendio
1236 945 1411 1011 destitutus
1428 969 1537 1034 regem
1553 945 1659 1012 udiret
1674 967 1714 1014 eo
1730 959 1880 1036 postremo

746 1075 810 1119 non
834 1076 875 1119 ex
899 1050 1025 1142 polono,
1049 1053 1105 1119 sed
1130 1075 1171 1119 ex
1192 1051 1316 1118 litueno
1332 1055 1420 1140 regis
1437 1055 1547 1120 ouriue
1563 1053 1714 1120 thesauro
1729 1055 1879 1144 quaedum

745 1161 807 1228 hoe
830 1162 961 1227 nomine
983 1162 1149 1250 ueoepisse
1172 1161 1365 1228 truderetur.
1400 1161 1505 1246 (Oonf.
1530 1161 1664 1251 presset
1687 1161 1785 1228 huius
1814 1161 1880 1228 libri

746 1293 798 1360 pg.
822 1268 961 1335 XXXV
984 1291 1044 1358 sq.;
1068 1267 1172 1354 XLI).

852 1378 1003 1445 Ceterum
1023 1377 1191 1445 decretum
1208 1401 1236 1444 ιι.
1255 1379 1338 1445 1567
1357 1379 1473 1467 repetit
1489 1377 1600 1466 multu,
1615 1402 1699 1467 quoe
1713 1377 1756 1445 ud
1774 1379 1880 1471 Royuii

746 1487 862 1554 merite
884 1489 1056 1575 pertinent,
1079 1486 1202 1552 eisdem
1227 1487 1296 1554 sere
1311 1486 1428 1573 verbis,
1452 1499 1549 1575 utque
1564 1487 1732 1555 decretum
1747 1510 1776 1554 u.
1795 1489 1882 1575 1559,

747 1592 833 1660 unde
855 1595 952 1659 etiem
976 1593 1010 1659 id
1035 1592 1224 1682 explioebis
1246 1593 1332 1682 quod
1358 1616 1433 1660 oum
1456 1596 1489 1658 in
1506 1593 1681 1660 deoretou.
1700 1595 1882 1685 15591101-

745 1700 815 1765 zius
847 1701 965 1787 viginti
1000 1700 1071 1766 fere
1101 1722 1205 1764 uunos
1235 1701 1321 1789 opud
1359 1698 1496 1765 Polonos
1528 1703 1720 1766 commorari
1753 1701 1882 1786 dicatur,

744 1808 842 1872 etiem
866 1807 899 1870 in
924 1805 1055 1872 decreto
1071 1830 1099 1872 u.
1118 1809 1201 1873 1567
1219 1805 1306 1872 idom
1334 1818 1451 1892 „unte
1474 1807 1569 1897 plus
1594 1808 1733 1872 minus
1757 1808 1799 1872 28
1822 1830 1883 1872 un-

744 1916 838 1980 nos“
863 1915 897 1979 in
920 1913 1089 1980 Polonium
1115 1915 1259 1979 Bononia
1284 1916 1515 2004 oommigruseo
1540 1914 1651 2000 fertur,
1676 1914 1708 1980 id
1726 1915 1811 2004 quod
1827 1915 1883 1980 ali-

743 2032 900 2109 quantum
932 2043 1055 2088 uvero
1078 2020 1231 2087 aberrare
1256 2023 1288 2087 in
1314 2043 1386 2088 meu
1409 2020 1526 2110 polono
1549 2023 1590 2088 de
1614 2023 1736 2113 Royzio
1768 2022 1883 2088 ‹lisser-

744 2129 865 2195 tatione
888 2133 953 2218 (pg.
968 2130 1012 2194 49
1025 2157 1068 2187 =
1082 2131 1102 2194 9
1118 2129 1193 2195 arlu.
1210 2132 1243 2212 5)
1266 2129 1506 2196 demonstrasse
1530 2130 1607 2195 mihi
1633 2129 1753 2196 videor.
1776 2129 1882 2195 Unum

744 2247 862 2321 tumen,
885 2235 972 2323 quod
997 2235 1204 2301 desideratur
1219 2237 1252 2301 in
1269 2234 1400 2302 decreto
1416 2260 1445 2301 ιι.
1465 2239 1557 2323 1556,
1581 2249 1812 2302 commemorat
1829 2260 1883 2300 rex

744 2344 778 2408 in
801 2341 933 2407 decreto
955 2365 984 2407 u.
1010 2344 1106 2429 1567,
1137 2342 1313 2432 Royzium‚
1344 2365 1419 2408 oum
1443 2365 1463 2407 ιι
1487 2342 1704 2430 11ἰιι11ιιιιιιι10,
1728 2345 1885 2409 Romam-

744 2474 816 2516 rum
840 2473 926 2538 rege,
949 2450 1112 2516 Viennam
1137 2460 1321 2538 vocaretur,
1344 2475 1364 2516 ιι
1386 2451 1597 2538 sigismundo
1620 2453 1779 2540 Augusto,
1804 2454 1885 2517 utin

745 2559 879 2626 Poloniu
902 2568 1058 2645 minueret,
1087 2557 1249 2648 stipendio
1273 2560 1435 2649 proposito
1458 2559 1529 2626 esse
1553 2571 1743 2648 permotum.
1781 2561 1888 2648 Atque

743 2666 834 2736 loeus
857 2666 913 2733 illu
935 2667 1058 2734 deoreti
1084 2667 1129 2733 itu
1153 2667 1374 2734 eonformutns
1397 2679 1457 2755 eet,
1481 2679 1516 2734 ut
1531 2667 1690 2760 Royzium
1707 2669 1758 2736 bis
1773 2693 1793 2734 ιι
1810 2670 1887 2735 Fur·-

744 2776 897 2863 dinundo‚
921 2777 1063 2865 primum
1087 2775 1165 2842 vivo
1188 2775 1297 2842 udhuo
1321 2776 1532 2864 sigismundo
1548 2777 1574 2857 1,
1597 2776 1716 2844 deiude
1732 2790 1803 2867 post
1818 2778 1887 2843 eius

744 2896 880 2950 mortem
898 2883 1127 2951 Vindobonum
1144 2885 1286 2950 uouitum
1302 2906 1382 2971 esse,
1405 2886 1465 2952 etsi
1486 2908 1550 2952 non
1568 2896 1692 2951 eertum
1709 2887 1760 2970 sit,
1783 2885 1888 2973 suspi-

744 2993 812 3057 euri
837 3003 944 3057 tumen
969 2991 1074 3057 lieeut.
1099 2990 1212 3057 Verbe
1234 2992 1321 3056 enim
1337 2992 1459 3057 decreti
1476 2991 1519 3057 ud
1534 3014 1605 3058 eum
1624 3013 1690 3058 rom
1708 2994 1888 3080 spectantia

743 3097 825 3166 hueo
848 3110 941 3166 sunt:
965 3099 1215 3186 (significemus)
1295 3097 1358 3166 huo
1381 3099 1522 3190 (Royeii)
1541 3099 1582 3165 ub
1599 3099 1751 3166 ‹irrrnibus
1767 3101 1887 3188 prissim

743 3206 822 3275 vivo
852 3206 960 3274 adhue
991 3217 1125 3296 purente
1159 3217 1270 3273 nostro
1305 3206 1470 3274 eelebrutu
1504 3207 1602 3273 laude
1632 3207 1889 3295 eruditionisque

745 3315 832 3380 ferne
854 3315 998 3381 excitum
1022 3316 1267 3381 serenissimum
1283 3313 1360 3381 olim
1377 3337 1526 3382 socerum
1543 3326 1689 3382 nostrum
1706 3315 1890 3380 Fordinen-

743 3421 839 3509 dum,
869 3433 956 3489 tum
986 3423 1266 3488 Romanorum
1296 3443 1453 3509 regem,
1484 3433 1632 3510 posteo
1662 3423 1890 3510 imperato-

744 3551 826 3595 rem
850 3528 1146 3618 designatum,
1170 3527 1263 3595 illum
1287 3528 1328 3594 ud
1345 3553 1380 3596 se
1399 3553 1543 3615 vocasse,
1567 3552 1727 3615 movero,
1751 3551 1826 3594 eum
1851 3539 1893 3594 ot

743 3638 828 3727 ipsi
859 3648 932 3726 post
962 3638 1031 3705 divi
1064 3637 1208 3726 petentis
1239 3638 1341 3703 nostri
1371 3637 1541 3705 deoessum
1569 3636 1894 3725 intelligeremus

743 3745 905 3833 stipendio
932 3744 980 3810 1111
1004 3746 1168 3833 proposito
1266 3744 1363 3812 fueile
1395 3745 1517 3810 homini
1549 3745 1757 3833 persuasisse,
1788 3741 1826 3810 ut

743 3852 841 3933 (oonf.
865 3853 966 3939 prees.
988 3851 1086 3916 huius
1109 3875 1162 3939 pg.
1186 3850 1345 3932 XXVII).

851 3961 880 4024 2.
911 3959 969 4044 Pg.
1001 3960 1063 4023 112
1094 3957 1246 4022 editionis
1278 3957 1595 4024 Wierzbowsoiuuue
1625 3969 1815 4045 repetuntur
1847 3956 1892 4022 ed

744 4064 910 4153 exemplar·
922 4064 1136 4134 bibliothecae
1150 4063 1405 4130 Burberiniunue
1420 4065 1547 4131 litterue
1559 4063 1761 4152 Sigismundi
1774 4067 1894 4150 Augu-

743 4174 784 4237 sti
808 4173 895 4259 regis
923 4172 977 4237 die
999 4171 1097 4238 tortio
1121 4195 1162 4236 m.
1187 4170 1317 4258 augusti
1351 4194 1379 4238 u.
1406 4175 1487 4238 1561
1515 4171 1616 4238 Viluu
1646 4169 1688 4237 ud
1721 4172 1814 4236 Pium
1841 4171 1896 4235 IV

743 4279 870 4363 missae,
894 4280 1012 4367 quibus
1036 4280 1180 4368 Royuius
1203 4279 1246 4345 ud
1271 4302 1390 4345 munus
1405 4292 1495 4346 rotae
1510 4280 1679 4365 auditoris,
1703 4289 1774 4366 post
1787 4281 1897 4343 Anto-

742 4385 832 4452 nium
843 4388 1074 4474 Augustinum‚
1095 4387 1281 4474 episcopum
1298 4386 1504 4453 illerdeneem
1519 4385 1730 4471 declaratum,
1746 4406 1895 4451 vacuum

744 4494 1077 4582 Arugonensibusque
1100 4493 1179 4560 solis
1207 4508 1418 4582 reservatum,
1443 4495 1586 4584 pontitioi
1604 4516 1737 4559 romano
1762 4493 1897 4558 studio-

743 4602 872 4669 sissimo
895 4602 1142 4669 commendetur
1165 4603 1263 4686 (conf.
1288 4604 1421 4692 praefat.
1445 4583 1553 4671 huius*
1567 4627 1619 4692 pg.
1643 4601 1806 4684 XXXII).
1838 4602 1896 4667 Ex

742 4711 860 4800 quibus
883 4711 1000 4778 litteris
1023 4713 1120 4778 etium
1145 4713 1352 4802 porspIeunm
1377 4723 1426 4780 ost
1449 4736 1557 4802 regom
1593 4713 1657 4778 ium
1689 4721 1783 4777 unteu
1813 4710 1897 4777 aliis
