4109 5767
1077 736 1156 776 Hm
1173 736 1262 777 ΙΟΥΙῘῘ

634 804 1773 837 Μει-

731 930 887 998 Ablatnm
911 940 1013 998 morte
1036 942 1069 998 et
1091 932 1228 998 nimium
1252 933 1500 1022 properantibus
1523 936 1627 1002 annis.

652 1062 701 1110 rs.
731 1041 857 1129 Lugete
878 1040 1087 1129 exstinetam,
1110 1039 1207 1108 modo
1229 1041 1285 1132 qui
1309 1040 1448 1109 feliciter
1472 1064 1557 1109 unus

733 1149 886 1220 Consiliis
907 1151 1048 1240 patriam
1070 1150 1241 1218 nobiseum
1263 1162 1296 1219 et
1318 1151 1498 1241 grandibus
1521 1154 1610 1221 ausis

731 1260 871 1328 Tutatus
894 1260 1004 1328 dubiis
1026 1260 1151 1351 peperit
1173 1260 1296 1329 solaeie
1319 1260 1425 1351 rebus,

735 1370 902 1461 Saepeque
924 1394 982 1438 vos
1005 1371 1099 1458 inter,
1122 1370 1149 1437 si
1173 1394 1238 1460 qua
1260 1381 1309 1439 est
1331 1370 1495 1439 diseordie
1518 1384 1604 1460 nate,

732 1478 853 1548 Omnia
875 1480 1056 1569 eomposuit
1079 1477 1206 1546 medius
1228 1480 1383 1569 litemque
1406 1480 1544 1548 diremit.

651 1609 701 1655 so.
821 1588 961 1673 Amisso,
984 1586 1110 1673 infelix,
1133 1586 1299 1675 (lamnate,
1323 1586 1481 1677 Sarmata,
1503 1588 1588 1677 luge

733 1694 777 1761 Et
798 1704 844 1781 tn,
866 1692 1011 1780 Gnezna,
1033 1704 1107 1760 tuas
1130 1716 1206 1760 eum
1229 1693 1331 1761 durus
1354 1697 1488 1761 nuntius
1511 1717 1607 1762 aures

732 1800 902 1887 Vulnerat,
924 1800 1041 1867 infelix
1063 1800 1188 1866 loetum
1212 1800 1429 1891 lacrimasque
1452 1803 1587 1889 tenebis,

731 1908 902 1975 Rectorem
926 1907 1074 1973 amisisse
1096 1916 1189 1973 tuum
1213 1909 1363 1997 vitaeque
1386 1909 1604 1997 magistrum?

732 2014 911 2080 Absentem
933 2013 1050 2079 infelix
1074 2014 1192 2079 animis
1218 2024 1251 2079 et
1274 2023 1381 2081 mente
1404 2016 1558 2103 requires.

650 2142 700 2187 ss.
731 2118 838 2201 Quem
860 2142 965 2210 nuper
987 2142 1107 2206 magno
1130 2119 1252 2185 loetum
1274 2130 1332 2186 tua
1354 2122 1481 2186 moenia
1503 2144 1622 2210 pompa

732 2225 913 2292 Intrantem
935 2226 1048 2291 vidisti
1070 2227 1156 2291 inter
1177 2224 1338 2314 lituosque
1360 2225 1520 2315 tubssqne

733 2331 962 2398 Exsultantem
985 2332 1104 2397 animis
1126 2341 1158 2397 et
1181 2329 1228 2396 nil
1251 2342 1330 2398 tune
1356 2333 1421 2398 tale
1443 2333 1619 2417 timentem,

734 2438 944 2505 Exstinetum
967 2438 1109 2526 eeeipies
1131 2447 1164 2503 et
1186 2438 1251 2503 iem
1275 2438 1346 2504 sine
1368 2438 1498 2506 nomine
1521 2460 1648 2529 eorpus.

823 2546 964 2633 Amisso,
985 2546 1111 2632 infelix,
1134 2546 1298 2633 (lomento,
1322 2546 1480 2636 Sarmata,
1503 2545 1587 2637 luge.

652 2676 702 2722 so.
731 2654 783 2721 'l'o
806 2676 943 2745 qnoque,
964 2678 1049 2743 quae
1071 2652 1207 2721 vixdum
1229 2654 1373 2723 lacrimis
1396 2654 1555 2723 exhauste
1577 2656 1715 2745 quieras,

734 2763 902 2850 (iraeovia,
927 2761 1101 2828 Helisabes
1124 2771 1198 2851 post
1220 2762 1327 2829 flebile
1350 2763 1450 2830 funus
1473 2771 1631 2853 amatae1,

733 2872 787 2939 Ire
810 2871 927 2937 iterum
949 2870 983 2935 in
1006 2869 1159 2937 laerimas
1181 2880 1213 2936 et
1235 2870 1372 2939 tundere
1394 2882 1525 2961 peetora
1547 2872 1665 2962 palmis

734 2980 868 3067 (legeris
892 2979 1053 3045 exstineto
1076 2988 1108 3044 et
1130 2977 1264 3069 longum
1288 2979 1399 3069 legere
1422 2982 1585 3069 magistro.

822 3088 963 3176 Amisso,
986 3086 1112 3176 infelix,
1133 3088 1299 3179 (lernrote,
1323 3090 1480 3179 Sarmens
1502 3090 1587 3181 luge.

653 3221 702 3265 aa.
732 3198 775 3265 Et
797 3208 838 3283 te,
860 3197 972 3283 Roma,
995 3206 1094 3285 eeput
1116 3197 1308 3286 populorum
1332 3208 1428 3288 etque
1451 3198 1538 3266 orbis
1560 3200 1699 3292 asylum,

735 3307 801 3373 Iste
824 3303 915 3372 dolor
937 3304 1055 3393 langiu
1079 3314 1154 3371 tuus
1177 3305 1265 3373 hune
1288 3330 1380 3375 saeer
1403 3306 1457 3375 ille
1480 3318 1612 3376 senatus

733 3415 807 3481 Non
832 3425 960 3503 raptum
983 3424 1059 3481 ante
1081 3412 1167 3481 diem
1199 3438 1318 3505 magno
1340 3415 1417 3481 olim
1433 3418 1592 3507 optaverit
1614 3426 1770 3506 emptum,

734 3522 827 3608 Cum,
850 3532 1016 3590 ereseente
1039 3523 1125 3589 melo
1147 3523 1289 3590 malefidi
1312 3523 1385 3590 lebe
1409 3524 1529 3611 Luteri,

734 3631 923 3717 Sarmatiae,
945 3630 1008 3697 hen
1033 3632 1180 3717 nimium,
1203 3642 1323 3698 metuet
1346 3634 1495 3721 carisque
1517 3630 1657 3719 Polonis,

632 3758 700 3803 ιοο.
734 3738 784 3803 Ne
806 3735 894 3803 mala
917 3738 1045 3803 vieinae
1067 3738 1174 3823 gentis
1197 3738 1348 3825 contagia
1371 3737 1510 3803 laedant.

734 3841 799 3908 Hie
822 3842 942 3908 etenim
965 3844 1095 3931 magnis
1119 3852 1232 3909 eontra
1255 3842 1425 3910 conatibus
1448 3844 1509 3909 ivit

734 3948 868 4038 Semper
889 3959 921 4016 et
946 3950 1077 4017 ultriees
1100 3950 1240 4017 ostendit
1264 3952 1392 4017 eivibus
1415 3952 1508 4041 ignes
1518 3958 1543 4037 ’ς

733 4057 887 4147 Reppulit
908 4059 1041 4125 insanos
1064 4070 1095 4126 et
1117 4058 1213 4148 longe
1236 4070 1321 4127 stare
1344 4062 1449 4149 eoegit

733 4165 880 4234 Saxonas
904 4178 935 4233 et
958 4166 1115 4256 quiequid
1139 4167 1270 4235 seeleris
1293 4166 1434 4256 fideique
1458 4168 1612 4256 profanae
1635 4176 1694 4255 est,

632 4295 699 4340 ree.
733 4273 879 4340 Leedere
901 4296 943 4339 ne
966 4275 1134 4340 ineautum
1157 4284 1289 4362 possent
1312 4276 1463 4362 eontagie
1484 4273 1615 4362 vulgus.

733 4378 828 4447 Illius
850 4380 912 4448 boe
933 4380 1089 4469 studium,
1111 4381 1204 4449 labor
1225 4381 1289 4469 hie,
1311 4404 1393 4471 opus
1416 4380 1504 4449 illius
1527 4404 1638 4447 unum.

628 4562 834 4572 ——.

719 4648 745 4685 ¹¹
763 4653 839 4716 Ques
856 4651 925 4704 obiit
941 4650 1043 4718 wdsm,
1061 4666 1113 4721 qno
1132 4650 1278 4704 Gamratus
1296 4666 1367 4704 anno
1386 4650 1429 4703 (lis
1447 4649 1481 4705 17
1499 4650 1599 4704 mensis
1618 4650 1697 4703 lunii.

735 4736 841 4795 'flent
859 4740 998 4808 Gornieki,
1016 4742 1111 4811 Daisje
1129 4740 1206 4811 (wysl.
1228 4741 1372 4807 Senoekis)
1392 4760 1435 4811 pg.
1454 4740 1471 4795 b
1490 4758 1528 4810 sq.
