4109 5767
645 782 787 833 XXXVIII
1137 796 1295 832 enarrarre.

1481 864 1509 871 κ.
1516 863 1651 871 --ς--ω
1664 865 1668 869 .
1680 864 1738 870 ....-
1751 863 1784 869 ..-

1481 876 1667 885 ‚-.—-.....
1676 875 1784 883 ...m—

643 1010 705 1077 gae
727 1010 879 1078 prospere
901 988 1000 1055 rebus
1022 987 1210 1074 compositis
1232 985 1340 1054 bieme
1362 987 1429 1052 iam
1449 985 1727 1075 adpropinquante
1741 984 1789 1052 le-

518 1182 522 1189 ,
642 1096 710 1183 gati
742 1094 785 1161 56
814 1094 987 1162 (ledanum
1018 1105 1237 1161 accesserunt.
1276 1096 1321 1161 At
1351 1092 1581 1181 Gadanenaca,
1618 1116 1660 1160 ne
1693 1094 1789 1159 noris

641 1204 801 1292 impositis
823 1200 951 1293 legibus
975 1200 1110 1269 libertas
1132 1202 1277 1291 ipsorum
1300 1202 1554 1289 damnaretur,
1576 1202 1677 1290 auxii,
1698 1199 1785 1289 lega-

641 1312 759 1380 tionem
784 1322 897 1380 contra
920 1311 1124 1381 conditiones
1146 1309 1278 1378 deditae
1300 1309 1464 1401 quondam
1488 1308 1620 1378 Polonia
1636 1308 1726 1377 urbis
1741 1310 1782 1377 ad

641 1445 677 1489 se
699 1424 784 1490 mitti
807 1421 1069 1512 praetendentes,
1091 1421 1226 1487 armatis
1250 1444 1308 1511 per
1323 1443 1434 1487 muros
1449 1419 1629 1509 dispositis,
1652 1420 1789 1509 polonae·

640 1532 781 1597 nationis
804 1529 990 1598 hominibus
1013 1531 1142 1597 cunctis
1174 1530 1255 1596 urbe
1285 1528 1431 1618 expulsis
1461 1529 1627 1617 portisque
1656 1527 1790 1615 clausis,

641 1634 765 1724 legatos
787 1636 878 1703 aditu
902 1635 1157 1703 intercluserunt
1179 1636 1219 1722 (1,
1242 1638 1308 1702 214
1331 1660 1377 1723 sq.
1400 1638 1443 1720 4).
1474 1636 1590 1722 Legati
1613 1657 1650 1702 re
1664 1635 1785 1701 infecta

640 1742 749 1809 redire
771 1742 813 1808 ad
836 1766 949 1831 regem
972 1752 1049 1808 sunt
1072 1744 1186 1808 coacti.
1217 1742 1361 1833 Royrius
1384 1743 1532 1829 graviter
1552 1742 1694 1808 offensus
1718 1764 1786 1807 rern-

641 1850 841 1917 carminibus
865 1850 1055 1938 descripsit,
1078 1851 1113 1915 in
1135 1848 1254 1938 quibua
1277 1872 1387 1939 regem
1411 1847 1613 1938 Polouoaque
1635 1848 1785 1915 hortaba-

639 1968 702 2045 tur,
725 1959 772 2023 uti
796 1956 1009 2023 Gedanensea
1034 1968 1143 2045 utpote
1165 1956 1274 2024 laesae
1296 1957 1476 2023 maiestatis
1499 1958 1689 2022 manifestos
1711 1979 1785 2044 gra-

639 2064 775 2131 vissima
794 2087 899 2153 poena
914 2064 1048 2131 allicere
1063 2086 1128 2130 nou
1143 2063 1340 2150 dubitarent,
1364 2076 1584 2152 caverentque
1599 2064 1663 2130 sibi
1678 2086 1698 2130 a
1715 2087 1786 2131 mu·

637 2170 781 2256 neribus,
803 2172 922 2259 quibua
945 2170 1083 2239 Gedano
1106 2172 1197 2237 missi
1220 2171 1368 2258 singulos
1391 2183 1558 2237 senatores
1578 2193 1787 2260 corrumpere

639 2288 843 2344 conarentur.
868 2278 965 2345 Hanc
988 2277 1170 2343 carminum
1194 2280 1313 2345 seriem
1335 2279 1369 2343 in
1394 2277 1488 2366 plura
1510 2276 1709 2366 exemplaria
1729 2278 1786 2345 de-

639 2386 794 2474 scriptum
817 2386 852 2451 in
875 2384 1044 2475 pubIIcum
1067 2386 1176 2452 emisit
1198 2408 1245 2473 eo,
1275 2387 1399 2476 opinor,
1423 2384 1567 2466 consilio,
1592 2395 1642 2472 nt,
1666 2385 1792 2451 animia>

638 2504 824 2560 senatorum
848 2495 1100 2583 nuntiorumque
1122 2492 1164 2560 ad
1189 2494 1321 2561 comitia
1343 2495 1517 2561 missorum
1540 2492 1786 2562 5551156565-

639 2624 756 2670 nenaea
779 2602 983 2671 exacerbatis
1014 2602 1054 2691 (1,
1076 2604 1268 2687 aco-296)
1300 2602 1528 2693 scutorumque
1559 2603 1649 2670 uultis
1678 2604 1786 2691 gratia

636 2711 742 2779 fractu
764 2713 804 2800 (1,
827 2714 1026 2800 290-292),
1049 2713 1185 2801 gravius
1210 2713 1243 2778 15
1264 2735 1336 2779 reos
1353 2712 1586 2779 consuleretur.
1609 2712 1680 2779 ltux
1696 2714 1785 2779 euim

634 2820 791 2908 proximis
815 2822 954 2887 comitiis
977 2820 1112 2888 Lublini
1135 2833 1274 2888 exeunte
1298 2845 1327 2888 a.
1353 2822 1438 2888 1568
1462 2820 1623 2887 habundio
1638 2818 1792 2889 adhibito·

635 2936 821 2993 senatorum
844 2927 980 2994 consilio
1000 2928 1160 2993 iudicium
1177 2926 1218 2994 de
1232 2927 1479 2996 Gedanensinm
1496 2925 1615 2994 delicto
1630 2950 1792 2995 exercere<

631 3034 798 3100 constituit
821 3035 972 3122 ipsosque
995 3033 1038 3099 ad
1054 3056 1187 3101 causam
1204 3034 1378 3101 dicendam
1394 3036 1490 3100 citari
1507 3036 1610 3100 iussit.
1634 3036 1786 3117 Quorum

633 3138 751 3227 legatis
782 3160 810 3205 a.
841 3138 872 3205 6.
896 3139 983 3205 VIII
1013 3139 1057 3206 16.
1089 3140 1256 3206 ianuarias
1286 3164 1315 3206 a.
1341 3142 1427 3207 1569
1450 3141 1658 3228 interrogatis
1690 3140 1784 3206 brevi

636 3248 789 3334 apparuit
810 3246 1006 3315 Oleseldium
1031 3247 1269 3335 burggravium
1292 3247 1390 3335 culpa
1412 3270 1477 3314 non
1501 3269 1621 3314 vacare
1647 3246 1791 3335 ideoque·

637 3354 743 3442 ipsum
767 3353 810 3418 ad
833 3376 966 3420 causam
991 3354 1165 3421 dicendam
1190 3356 1311 3421 arcessi
1328 3354 1460 3444 placuit.
1483 3354 1663 3423 Oleleldius
1679 3356 1792 3443 primo-

636 3458 859 3526 valetudinam
882 3483 1042 3529 excusare
1064 3474 1256 3551 tempusque
1276 3460 1462 3530 cunctando
1477 3472 1583 3528 terere
1597 3462 1636 3548 (1,
1648 3462 1715 3528 296
1727 3485 1785 3549 oq,

637 3568 701 3654 13),
732 3591 808 3634 mox
831 3570 888 3635 ubi
912 3570 1106 3636 necessitete
1137 3581 1269 3637 coactus
1300 3570 1342 3636 ad
1372 3570 1516 3637 tribunal
1546 3570 1635 3636 venit
1642 3620 1651 3655 ,
1681 3591 1791 3637 causa.

636 3674 725 3741 dicta
740 3676 859 3743 noxius
874 3676 1049 3765 iudicatus,
1064 3679 1100 3743 in
1116 3677 1298 3745 custodiam
1316 3677 1453 3744 liberam
1468 3678 1564 3744 datus
1579 3689 1636 3745 est.
1651 3678 1790 3745 Deinde·

635 3782 788 3870 postulati
812 3795 889 3851 suut
911 3784 946 3849 in
970 3787 1022 3852 ius
1045 3785 1169 3852 Ferber·
1191 3796 1224 3853 et
1246 3785 1390 3872 Proitus,
1420 3786 1486 3851 duo
1509 3787 1599 3852 urbia
1622 3784 1791 3870 consules,

633 3888 830 3979 Giesiusque
845 3891 987 3979 decurio,
1010 3893 1130 3981 quibus
1146 3903 1178 3959 et
1194 3894 1274 3981 ipsis
1290 3894 1410 3960 auditis
1426 3894 1605 3982 culpaeque
1620 3894 1791 3960 convictis·

634 3993 742 4061 medio
764 3996 897 4064 demum
920 4011 1059 4086 augusto
1083 4022 1194 4066 menae
1217 4024 1245 4066 a
1270 4001 1356 4066 1569
1379 4002 1525 4087 quaestio
1548 3999 1590 4067 de
1606 4000 1784 4067 (1565555-

634 4102 719 4168 sium
742 4103 862 4170 delicto
886 4104 928 4170 ad
951 4106 1049 4171 finam
1064 4115 1115 4172 eat
1129 4105 1296 4194 perducta.
1319 4108 1454 4173 Praeter
1469 4105 1666 4174 0151516155
1681 4109 1783 4173 etiam

634 4208 832 4298 Fcrberum,
856 4209 1002 4277 Proitum
1026 4212 1239 4301 Giesiumque
1262 4213 1296 4278 in
1320 4214 1469 4279 custodia
1491 4215 1626 4279 retineri
1648 4212 1791 4301 placuit,

635 4313 739 4383 donec
762 4316 864 4385 altera
886 4316 1006 4407 legatio
1021 4319 1197 4388 (ledanum
1212 4320 1372 4387 mittenda
1388 4321 1479 4387 urbis
1495 4344 1548 4387 rea
1564 4333 1789 4410 componeret.

634 4423 815 4492 Gleleldiua
837 4438 869 4494 ct
892 4425 1024 4495 Giesius
1047 4427 1282 4516 Sandomiriae,
1313 4429 1436 4497 Ferber
1467 4441 1498 4497 51
1520 4430 1651 4495 Proitus
1674 4429 1784 4495 Piotr-

633 4532 748 4599 coviae
770 4534 803 4599 iu
828 4536 977 4603 custodia
999 4535 1213 4625 habebantur,
1244 4538 1302 4605 aed
1326 4550 1393 4605 tum
1416 4537 1543 4606 liberali
1571 4549 1668 4626 atque
1690 4560 1791 4603 com·

633 4640 739 4729 modu,
763 4653 799 4708 ut
821 4643 965 4734 Royzius
989 4647 1084 4711 novis
1106 4647 1308 4713 carminibus
1333 4646 1542 4714 inveberetur
1572 4648 1606 4711 in
1633 4668 1705 4711 eum
1730 4647 1784 4711 in-

631 4746 842 4837 dulgentiam,
865 4772 948 4838 quae
971 4751 1123 4819 Olofeldii
1146 4753 1280 4819 tulheria
1304 4754 1487 4840 deberetur,
1510 4752 1784 4842 praedicaretqne

631 4854 741 4921 laesae
763 4857 905 4924 iustitiae
927 4860 1035 4947 ipsum
1059 4862 1167 4927 Deum
1192 4882 1383 4927 succurrere
1407 4860 1552 4947 ultorem,
1575 4862 1630 4950 qui
1654 4863 1790 4927 1515555.
