4109 5767
890 774 1047 809 futuram.

397 966 514 1057 Angeli
553 966 710 1034 Politiani
757 968 791 1034 iu
830 968 1006 1055 imaginem
1051 968 1212 1035 formosae
1253 966 1382 1056 puellae
1419 968 1539 1057 scripto

396 1074 560 1163 (Autolog.
584 1075 615 1141 d.
639 1074 689 1143 lir.
712 1076 766 1143 lat.
790 1100 841 1165 pg.
865 1078 930 1159 39).
959 1076 1079 1142 Latina
1102 1076 1250 1143 ommino
1272 1074 1481 1162 Polouorum,
1507 1086 1540 1141 ut

396 1183 489 1249 Pauli
519 1184 728 1270 (lausanensis,
762 1185 891 1270 lanitii,
920 1184 1039 1269 orleii,
1069 1184 1219 1250 Dantisei
1251 1192 1388 1250 noverat
1417 1182 1540 1271 absque

396 1290 496 1357 dubio
519 1291 677 1381 Royuius,
701 1314 861 1379 nusquam
884 1302 993 1357 tamen
1016 1314 1127 1357 eorum
1151 1292 1346 1357 mentionem
1371 1291 1460 1377 feeit,
1482 1313 1540 1357 ne·

396 1395 475 1462 dum
498 1421 552 1464 eos
575 1398 767 1484 imitaretur,
788 1421 870 1487 quos
893 1400 920 1464 si
945 1422 1010 1464 non
1034 1400 1173 1486 ingenio,
1196 1410 1229 1464 at
1250 1409 1336 1464 uerte
1356 1398 1539 1465 eruditione

395 1503 635 1593 multiplicique
658 1506 795 1573 seientia
817 1516 993 1594 superaret.

501 1612 652 1701 Denique
675 1613 724 1679 sie
747 1613 856 1679 imlieo
879 1613 1038 1702 lloyaium
1062 1635 1125 1677 non
1147 1612 1250 1679 solum
1268 1621 1422 1679 aeeuruto
1437 1612 1538 1678 animi

396 1718 485 1785 cultu
510 1719 728 1808 scientiaeque
751 1720 860 1809 eopia,
892 1720 950 1787 sud
974 1720 1073 1787 etium
1097 1719 1254 1787 librorum
1281 1720 1538 1809 conseriptorum

395 1848 531 1893 numero
555 1828 639 1893 iuter
662 1827 776 1894 doetus
798 1838 971 1917 poetasque
993 1826 1083 1894 illius
1105 1828 1180 1894 aevi
1211 1828 1246 1892 in
1276 1826 1411 1893 Polouia
1441 1826 1539 1893 laoile

396 1934 588 2019 primarium
612 1934 856 2022 principemque
879 1935 1022 2000 tenuisse
1045 1933 1161 2019 locum,
1185 1934 1316 2020 ingenio
1339 1944 1447 1999 tumen
1464 1956 1540 2021 poe-

396 2039 461 2103 tico
483 2037 722 2127 latinorumque
746 2041 927 2106 carminum
951 2039 1114 2127 elegantia
1143 2050 1240 2127 atque
1262 2049 1433 2104 venustate
1458 2060 1538 2125 qua-

397 2142 569 2208 damtenus
592 2145 730 2210 cessisse
753 2144 929 2230 nonnullis,
953 2154 988 2209 ut
1010 2144 1217 2213 Ooehanovio
1241 2144 1368 2233 ipsique
1386 2142 1539 2208 Andreae

395 2248 550 2318 Trieosio.

502 2358 598 2441 Quod
623 2361 707 2427 inter
731 2372 841 2450 poetas
864 2359 990 2449 latinos,
1013 2360 1195 2449 dequibus
1218 2359 1320 2426 refert
1334 2357 1440 2425 Lilius
1456 2357 1540 2426 (lra-

396 2466 508 2552 gorius
523 2466 702 2557 Gyraldus,
716 2469 844 2537 Ouinius
860 2466 1014 2535 laudatur
1028 2471 1094 2555 (Do
1112 2469 1216 2557 poetis
1234 2466 1285 2535 od.
1296 2465 1420 2534 Wotke
1434 2465 1540 2533 Barol.

400 2576 495 2661 1894,
518 2600 570 2664 pg.
594 2579 659 2663 69),
683 2577 799 2667 Royzii
824 2600 901 2646 vero
924 2601 1040 2644 nomen
1058 2576 1273 2663 desideratur,
1295 2598 1373 2643 essu
1389 2576 1539 2642 evenisse

396 2692 483 2769 puto,
514 2682 634 2769 prodiit
664 2686 752 2749 enim
783 2684 866 2750 liber
896 2683 1038 2772 Gyraldi
1070 2684 1255 2750 Florentiae
1285 2706 1313 2748 a.
1346 2685 1441 2765 1551,
1474 2704 1539 2769 quo

304 2766 309 2780 ⁵
395 2798 539 2874 tempore
569 2788 684 2878 Royzii
717 2791 899 2855 carminum
930 2792 964 2854 in
997 2789 1132 2855 Polouia
1162 2789 1356 2877 scriptorum
1385 2787 1474 2852 fama
1496 2786 1539 2851 ad

396 2893 496 2959 ltuloe
521 2893 664 2960 nondum
689 2896 877 2984 pervenisse
900 2896 1044 2977 videtum
1068 2905 1156 2962 uerte
1178 2892 1347 2985 Gyraldus
1370 2915 1412 2959 ne
1429 2892 1539 2958 Ianitii

396 2999 526 3086 quidem
552 3000 652 3067 ullam
677 3002 754 3069 feeit
777 3003 981 3090 mentionem,
1004 3004 1059 3091 qui
1083 3013 1160 3069 ante
1178 3002 1338 3092 Royaium
1355 3000 1388 3065 in
1405 2999 1539 3065 Polonia

397 3108 527 3197 seriqmit
551 3132 656 3199 riuique
680 3111 812 3199 ingenio
835 3120 967 3200 arteque
990 3111 1127 3179 inferior
1149 3110 1259 3180 Orieio
1281 3118 1441 3177 consetur.
