4109 5767
931 760 1089 797 rutarum.
1213 787 1216 792 ,

439 950 507 1015 suis
532 962 689 1037 prrtnrent,
713 950 871 1017 nobilium
895 952 1018 1019 iudicia
1042 954 1075 1017 in
1098 954 1189 1019 curin
1214 954 1473 1041 praesidentibus
1505 979 1582 1021 can-

440 1054 580 1121 cellariis
604 1057 710 1123 narius
734 1058 979 1142 exercebantur,
997 1058 1194 1124 urbanorum
1211 1082 1289 1125 vero
1305 1070 1370 1125 tam
1388 1061 1582 1149 frequenter,

438 1175 473 1227 ut
496 1162 537 1227 ad
561 1174 743 1229 extremam
767 1165 856 1231 eirca
879 1189 907 1229 a.
933 1166 1018 1231 1565
1035 1188 1074 1231 ca
1090 1166 1211 1231 iudicia
1226 1165 1496 1233 cancellariorum
1520 1191 1578 1254 ep

439 1267 553 1355 pollet-i
576 1292 646 1333 nros
670 1268 845 1335 invaluerit
873 1271 928 1355 (ΙΙ,
960 1273 1015 1352 95)
1028 1275 1060 1353 ¹).
1098 1272 1251 1339 Ceterum
1279 1272 1400 1338 iudicia
1430 1274 1465 1337 in
1488 1275 1581 1339 euris

440 1375 637 1441 urbanorum
661 1378 808 1443 seiuncta
832 1400 851 1441 a
874 1377 1007 1443 indiciis
1032 1377 1210 1444 nobilitatis
1241 1380 1305 1443 iarn
1330 1379 1540 1466 Sigismundo
1564 1381 1581 1445 Ι

439 1493 605 1567 regnante,
620 1494 707 1548 certe
722 1506 760 1548 eo
777 1494 928 1571 ternpore,
943 1508 1007 1571 quo
1023 1485 1165 1573 Royzius
1180 1486 1215 1549 in
1230 1484 1397 1551 Poloniam
1415 1487 1512 1570 venit,
1528 1487 1578 1551 in-

438 1589 551 1654 stitute
574 1588 676 1655 luisse
700 1588 801 1654 inulta
826 1590 980 1656 indicant.
1004 1590 1118 1679 Royzii
1144 1592 1245 1678 igitur
1267 1602 1411 1679 tempore
1433 1604 1526 1658 erant
1542 1594 1575 1657 in

438 1694 571 1761 Polonin
587 1695 652 1761 dno
668 1696 844 1761 tribunalia
867 1698 964 1783 regin.
989 1697 1030 1761 ud
1054 1721 1137 1785 qnae
1160 1720 1278 1763 causae
1300 1722 1343 1764 ex
1365 1697 1580 1787 appellatione

437 1800 596 1887 redibunt,
613 1803 750 1870 ulteruur
775 1803 941 1887 nobilium,
973 1804 1111 1869 alterurn
1140 1805 1346 1887 urbanorum,
1369 1806 1496 1893 quibus,
1521 1806 1578 1871 Li·

437 1912 549 1975 taenia
565 1910 709 1975 nondum
725 1912 759 1975 in
789 1934 888 1976 ιιιιιιιιι
921 1934 1038 1998 corpus
1069 1912 1252 1995 coniuncte,
1283 1911 1484 1977 accedebant
1514 1910 1579 1977 duo

437 2017 606 2102 utriusque
639 2018 768 2103 generis
798 2016 976 2081 tribunalia
1006 2016 1139 2099 lituane,
1170 2040 1271 2103 caque
1300 2027 1452 2103 quattuor
1475 2018 1579 2082 tribu·

435 2121 522 2185 nalia
545 2121 587 2186 ed
611 2146 638 2185 a.
665 2124 748 2188 1551
782 2121 969 2210 plerumque
992 2124 1180 2205 Gramriae,
1213 2123 1267 2187 nbi
1298 2146 1358 2188 rex
1388 2122 1488 2209 vulgo
1519 2123 1578 2188 lra-

435 2226 561 2309 bitavit,
585 2227 702 2293 deindo
719 2230 751 2294 in
770 2230 922 2293 ltituunin
938 2228 1074 2314 Vilnae,
1090 2252 1154 2315 quo
1178 2227 1255 2293 inde
1279 2227 1320 2293 ab
1344 2227 1405 2293 boc
1435 2239 1579 2315 ternpore

436 2332 544 2396 sedeur
569 2333 743 2417 transtulit,
769 2335 930 2419 vigebunt.

541 2438 694 2527 Iloyzius,
717 2450 752 2504 ut
775 2441 839 2503 ianr
863 2462 962 2527 supra
985 2440 1104 2523 nronui,
1128 2439 1205 2504 inde
1228 2441 1269 2505 ab
1292 2463 1321 2503 a.
1344 2440 1428 2505 1549
1445 2438 1576 2504 decreto

433 2547 523 2629 rugio
548 2548 696 2633 rrugnitor
718 2570 892 2613 ιιιιιιιιιιιιιιιι
918 2546 1071 2613 l'ulouiue
1095 2557 1192 2633 utrprc
1208 2547 1359 2612 l’ruusiue
1376 2546 1574 2611 urlranarnru

434 2652 549 2737 suctus,
575 2676 639 2718 una
662 2676 737 2719 curn
760 2655 901 2719 llurtino
930 2655 1084 2720 (lroruero
1114 2653 1244 2718 adsedit
1270 2655 1303 2718 in
1335 2653 1445 2718 curiae
1473 2653 1576 2718 tribu·

432 2758 498 2823 nali
531 2757 726 2825 cancellario
758 2758 899 2828 Samueli
936 2760 1104 2824 Muccovio
1142 2758 1319 2845 eodemque
1357 2769 1500 2845 tempore
1539 2758 1571 2822 in

434 2864 646 2929 universitate
668 2866 847 2931 Crucuviuu
872 2867 921 2930 ius
945 2865 1102 2947 tradebat,
1134 2878 1259 2929 urortuo
1290 2886 1366 2929 voro
1396 2863 1574 2947 Maoeovio,

433 2994 507 3037 euru
532 2974 618 3055 rugis
644 2972 800 3038 voluntati
825 2974 998 3039 oliuu-,ntus
1017 2973 1207 3061 professoris
1224 2994 1342 3037 runnus
1365 2970 1576 3038 Orneoviuur-

432 3104 494 3168 quc
517 3081 710 3169 reliquisset,
733 3081 844 3147 euderu
870 3081 1041 3146 :insonueris
1065 3104 1198 3147 uurncre
1226 3103 1291 3145 una
1315 3103 1388 3144 cum
1413 3077 1574 3147 Strnislnu

432 3190 612 3257 Ouruoovio
635 3200 731 3277 anpue
754 3190 938 3276 Augustino
961 3189 1120 3273 Rotundo,
1152 3198 1219 3254 tuur
1252 3200 1398 3276 praetore
1422 3186 1571 3271 eduensi,

434 3296 555 3361 Ioanne
587 3297 773 3362 Prerenrbio
803 3294 1058 3383 proceneellario
1086 3298 1333 3378 (1550-1559)
1360 3292 1575 3383 praesidente,

434 3402 551 3467 Vilnae
568 3403 765 3489 fungebatur
780 3404 836 3485 (Il.
853 3404 904 3487 81,
925 3406 964 3468 18
982 3427 1040 3489 sq.;
1068 3404 1176 3468 neeis.
1194 3403 1339 3468 lituanic.
1355 3401 1455 3488 prael.
1471 3407 1576 3484 exte).

432 3507 485 3571 Ad
510 3507 666 3573 nobilium
691 3508 797 3573 lurum
822 3507 992 3594 augustale
1020 3507 1250 3597 proculdubio
1266 3530 1329 3572 ιιοιι
1346 3506 1572 3591 adhibebatur,

432 3616 494 3679 nisi
518 3615 603 3703 quod
628 3617 697 3681 lieri
721 3616 832 3703 potuit,
861 3626 895 3680 ut
921 3639 994 3681 cunr
1024 3615 1188 3679 interdurn
1221 3614 1374 3701 privatim
1407 3636 1465 3679 rex
1496 3635 1574 3677 can·

432 3722 625 3788 cellariusru
638 3723 679 3789 de
692 3721 849 3787 nobilium
862 3724 969 3787 orrusis
982 3720 1174 3787 consuleret.
1190 3722 1218 3786 N
1222 3744 1274 3785 ιιιιι
1286 3720 1430 3808 Royzius
1447 3730 1574 3807 praeter

432 3832 482 3896 ins
499 3852 666 3895 romanum
684 3830 940 3917 canonicumque
956 3830 1052 3893 otiuru
1071 3829 1278 3911 teutonicum,
1304 3827 1398 3893 cuius
1414 3825 1574 3891 elementa

430 3934 568 3999 fortasse
591 3936 656 3999 ianr
680 3936 713 3998 in
737 3934 833 3999 ltulia
857 3945 1052 4021 perceperat,
1077 3944 1173 4019 utque
1200 3934 1305 4017 ipsum
1336 3933 1387 3996 ius
1418 3931 1570 4017 polonum

430 4041 609 4107 Oraceviae
632 4039 799 4125 addidicit,
830 4041 876 4103 ite
904 4052 938 4104 ut
969 4062 1044 4105 euru
1077 4040 1109 4102 in
1140 4038 1256 4124 quavis
1279 4038 1361 4102 iuris
1384 4036 1572 4123 quaestione

429 4147 498 4231 regi
521 4145 806 4231 cosulcntibusque
830 4144 990 4231 profuisse
1014 4143 1117 4208 multa
1140 4153 1267 4208 exstent
1290 4143 1438 4228 vestigia.

537 4251 625 4315 lnter
648 4249 706 4313 bns
731 4249 790 4314 lori
815 4251 958 4337 iurisque
982 4274 1079 4315 eurus
1107 4272 1147 4314 nc
1178 4272 1289 4313 ruusau
1318 4247 1460 4337 quidem,
1490 4267 1571 4333 quas

428 4384 447 4425 ιι
469 4358 640 4425 iuuentute
671 4356 777 4425 cultus
811 4358 882 4449 plus
913 4359 974 4424 sibi
1008 4358 1177 4447 proluisse,
1209 4381 1305 4446 quarn
1336 4356 1453 4443 Diccu,
1484 4354 1573 4420 Iovis

539 4542 555 4609 ¹)
573 4541 647 4593 tuus
666 4542 699 4591 do
718 4539 769 4593 bec
788 4540 947 4592 iudiciorum
967 4541 1120 4608 polonorum
1141 4540 1244 4591 rationo
1262 4540 1296 4589 nd
1319 4556 1359 4601 aa,
1378 4554 1447 4606 quac
1473 4537 1499 4587 in
1513 4551 1573 4588 rna}

428 4630 614 4682 dissertatione
633 4631 730 4697 polana
748 4630 842 4691 adtuli,
855 4630 918 4681 libri
931 4630 1090 4697 lengulchii
1104 4647 1128 4696 q.
1142 4630 1159 4680 l.
1172 4632 1218 4680 lus
1229 4629 1367 4695 publicum
1379 4628 1455 4694 regni
1470 4626 1572 4678 rotoni.

428 4720 491 4771 edit
510 4720 621 4771 alterins
640 4720 742 4773 Gsdnni
763 4735 787 4770 a.
808 4718 877 4771 1563
896 4736 933 4785 sq.
954 4736 1009 4771 cnr.
1031 4720 1094 4770 unu
1114 4720 1148 4784 ll,
1175 4719 1220 4769 lib.
1248 4720 1294 4779 tu,
1320 4733 1380 4784 cap.
1405 4717 1468 4768 Vlll
1487 4717 1518 4778 ὅθ
1536 4712 1573 4766 42

428 4818 456 4861 st
472 4806 521 4874 433
541 4810 585 4861 lib.
607 4810 652 4869 lv.
670 4826 728 4877 esp.
748 4809 815 4861 xlll
833 4812 864 4873 §t
885 4807 983 4863 8-10.
