4109 5767
902 768 1110 805 vututssrlcuon.

1034 841 1038 846 .
1112 840 1116 846 ι
1130 840 1135 846 ι
1145 840 1162 847 .-
1171 840 1177 847 ι
1196 839 1340 848 κιο-σου»..-

961 850 1336 859 --.·.---.--—-—o-—·—·---
1350 851 1354 856 ι

1449 751 1574 859 2221.

630 965 673 1030 Et
695 973 735 1049 te,
758 964 906 1048 Conari¹‚
930 963 1041 1029 conari
1064 961 1196 1028 credere
1219 970 1332 1027 contra

541 1067 688 1134 Difficile
710 1080 768 1155 cst,
789 1081 846 1135 tna
869 1091 944 1134 nam
968 1067 1111 1156 probitas
1134 1075 1365 1155 perspectaque
1387 1065 1501 1150 virtus,

540 1175 728 1241 Priscorum
750 1173 928 1241 obseramus
951 1196 1087 1259 morum,
1110 1173 1240 1239 diversa
1262 1171 1399 1260 probare

541 1280 615 1346 Non
639 1279 754 1346 suadet
777 1280 945 1368 prolesque
969 1281 1071 1346 sacris
1094 1280 1159 1344 iam
1183 1277 1294 1345 dedita
1317 1277 1444 1366 templis
1454 1278 1476 1342 ².

432 1407 506 1451 aaa.
630 1386 812 1471 Oretcovi³,
835 1386 914 1473 quid
937 1396 983 1471 tu,
1006 1385 1103 1452 rebus
1126 1406 1225 1473 prope
1248 1393 1323 1450 nete
1344 1383 1518 1470 gerendis?

541 1492 629 1574 Quid
652 1504 698 1578 tu,
721 1491 896 1577 Prorembi,
918 1515 982 1579 quo
1005 1515 1041 1558 se
1063 1490 1193 1559 Siradia
1215 1491 1324 1566 iactat,

540 1600 580 1666 In
603 1623 667 1688 spuo
690 1609 721 1666 ct
743 1599 895 1666 virtutem
919 1609 951 1666 et
974 1621 1096 1666 morem
1118 1599 1256 1664 nriratur
1277 1597 1429 1663 aretum?

540 1706 673 1775 Inducti
697 1707 808 1796 pravis
830 1705 919 1773 lraud
941 1705 1154 1795 religionibus
1176 1705 1264 1773 estis.

628 1816 712 1901 Non,
734 1815 863 1901 lacobe,
886 1814 955 1902 tibi,
978 1815 1141 1901 Lassocil,
1164 1815 1310 1882 carmina
1332 1822 1467 1902 possunt

433 1945 506 1989 ess.
541 1921 619 1988 Ulla
642 1923 720 1987 satis
743 1921 879 1986 landum
902 1920 1071 1986 cumulum
1093 1922 1230 1988 recitare
1252 1931 1390 1986 tuarum.

540 2029 635 2093 Unus
656 2028 753 2112 enim,
776 2027 883 2092 famae
906 2027 934 2091 si
957 2027 1132 2114 quicquam
1155 2025 1287 2092 credere
1310 2026 1360 2091 las
1382 2036 1440 2110 eet,

539 2131 731 2198 Praeclarus
753 2132 923 2220 gentisque
946 2140 1020 2196 tuac
1044 2130 1246 2217 fratrumque
1268 2140 1405 2215 tuorum,

540 2237 604 2320 Qui
630 2260 764 2304 romana
786 2236 872 2304 colat
895 2246 1066 2324 scructquc
1089 2235 1213 2323 altaria,
1235 2246 1345 2303 restrae.

630 2343 844 2430 llerbortusl,
867 2343 963 2432 patrii
988 2344 1039 2408 vir
1062 2342 1321 2409 consultissimus
1343 2363 1428 2407 unus

436 2471 507 2515 seo.
542 2451 627 2516 Iuris
651 2459 747 2539 atrlue
770 2449 874 2537 acqui,
898 2450 1015 2537 [uiciate
1038 2449 1177 2534 insignis
1201 2448 1337 2534 avisque

540 2555 709 2644 Stirpeque
733 2556 892 2622 maiorum
915 2577 1072 2642 generose
1093 2564 1126 2620 et
1148 2552 1328 2641 grandibus
1351 2552 1452 2634 ausis3

540 2662 659 2750 Ampla
682 2673 841 2750 vetusque
863 2661 980 2728 domus
1003 2671 1112 2727 nostro
1134 2661 1339 2726 Buczaoius⁶
1361 2681 1443 2725 aevo

541 2771 584 2834 Et
606 2768 853 2854 Zebridoviusl,
877 2791 994 2834 nomen
1016 2768 1073 2855 qui
1095 2789 1115 2831 a
1138 2767 1216 2832 flore
1237 2765 1393 2832 decorum

541 2877 687 2964 Accepit,
709 2875 805 2964 patrii
828 2874 995 2942 consultus
1018 2875 1099 2940 iuris
1122 2884 1154 2940 et
1177 2874 1255 2960 ipse,

432 3005 507 3050 ess.
541 2983 585 3049 Et
606 3005 742 3071 quoquc,
764 2982 876 3068 Teuta,
899 2981 956 3067 tui,
979 3003 1043 3048 noa
1067 2980 1242 3070 impietatis
1263 2989 1295 3045 ct
1317 3001 1406 3061 arac;

540 3089 606 3172 Qui
629 3099 660 3158 et
683 3088 916 3157 Vilcanovium
939 3097 1141 3156 constantem
1164 3085 1343 3172 Ocunius’⁸‚
1366 3085 1460 3152 aulae

435 3255 641 3264 ——-——·

542 3313 550 3342 ¹
570 3314 682 3364 Videtur
707 3321 816 3380 tangere
842 3313 986 3379 Georgium
1012 3312 1155 3374 Konurski‚
1180 3311 1358 3363 castellanum
1382 3309 1575 3374 cslissieusem,

433 3401 549 3452 loannis.
568 3399 686 3466 episcopi
705 3401 894 3462 cracoviensis,
913 3400 1005 3451 iratrie
1024 3400 1115 3450 tilium.

541 3485 553 3516 '
571 3487 697 3550 Adamas,
716 3488 861 3538 canonicus
874 3503 989 3550 cracov,
1002 3502 1026 3536 a.
1042 3484 1265 3552 tuncepiscopus
1277 3483 1463 3550 posnaniemie
1476 3485 1574 3535 iactus.

542 3575 553 3604 ³
572 3577 697 3626 Erasmus
716 3575 895 3639 Krctkowslri,
915 3575 1080 3626 castellanus
1098 3573 1264 3642 gnesnensis,
1282 3589 1362 3638 quem
1377 3572 1461 3624 otiam
1473 3573 1510 3623 lo.
1524 3571 1575 3624 0⁰·

434 3663 580 3716 meneviae
599 3665 626 3715 in
646 3665 865 3732 oppigramnrutis
884 3665 1011 3716 celebrat.

540 3751 591 3804 ⁴1.
620 3753 748 3804 bassoclri
777 3760 834 3803 erat
859 3753 1023 3804 castellanus
1052 3751 1235 3816 lencicisueis3
1270 3754 1368 3802 iratres
1393 3756 1484 3801 autem
1507 3748 1574 3812 eine,

434 3839 639 3906 Christoplrorns
658 3846 684 3891 et
703 3840 855 3893 Stanisluue
873 3841 915 3907 (l),
935 3840 962 3890 in
981 3846 1140 3891 novatorum
1160 3839 1220 3890 iidei
1239 3846 1330 3892 caetra
1348 3838 1520 3890 transierunt.

540 3927 552 3958 ⁸
571 3931 693 3990 Iacobus,
701 3930 938 3994 irstchalentini,
949 3929 1066 3994 episcopi
1075 3929 1259 3994 premislisns,
1271 3929 1360 3994 legum
1368 3927 1573 3994 peritisclsrus.

540 4015 598 4070 “Si
617 4033 708 4068 varum
728 4024 776 4079 est,
796 4018 865 4082 qnod
886 4017 986 4068 llielslri
1005 4015 1081 4080 (Eae.
1102 4033 1168 4082 pow.
1188 4017 1234 4079 lV,
1252 4014 1316 4083 540)
1334 4018 1425 4078 refert,
1450 4031 1512 4066 curn
1531 4017 1575 4065 ls-

431 4105 500 4156 cobo
519 4104 662 4167 bonusoli,
681 4104 804 4170 episcopo
829 4103 957 4170 plocensi,
982 4119 1006 4154 s.
1034 4101 1359 4156 miserescamus
1382 4101 1575 4154 Bncssciorum

434 4191 537 4244 virilem
548 4193 666 4260 stirpem,
674 4193 857 4258 familiamque
868 4192 1039 4258 morosam,
1052 4209 1086 4244 ax
1095 4209 1184 4243 sorore
1194 4191 1312 4258 episcopi
1321 4191 1450 4260 genitum,
1463 4196 1490 4241 et
1503 4190 1575 4242 bons

434 4287 461 4334 ot
470 4298 565 4334 norrran
578 4281 768 4335 Boosocierum
782 4282 926 4350 accepisse,
946 4299 979 4334 ax
990 4299 1022 4334 oa
1034 4298 1104 4334 nova
1113 4281 1218 4334 familia
1227 4289 1254 4333 at
1264 4288 1356 4332 nostor
1365 4279 1513 4333 Bucssclns
1524 4287 1573 4331 cst.

542 4369 551 4400 ¹
570 4371 711 4424 Florianus
730 4371 941 4438 Zebrsydowelri,
961 4372 1125 4424 castellanus
1144 4371 1311 4435 lublinonsie,
1330 4370 1384 4422 dux
1403 4371 1482 4422 aulae
1495 4370 1572 4438 regni

433 4462 524 4528 (botro.
545 4462 629 4514 nadw.
650 4461 789 4530 lroroany),
807 4462 886 4513 robus
906 4461 1011 4513 bellicis
1030 4462 1128 4526 clerus,
1154 4461 1220 4512 iuris
1239 4461 1441 4526 litterarumque
1461 4460 1572 4527 peritus.

540 4550 552 4579 ⁸
571 4552 682 4604 Videtur
700 4569 758 4604 esse
774 4551 820 4603 ille
832 4551 921 4614 (iltuit,
940 4552 1019 4603 sulse
1033 4551 1195 4619 sigismundi
1209 4551 1323 4618 Augusti
1335 4551 1407 4617 ragis
1419 4552 1573 4617 preelectus

432 4640 605 4710 (ocbrnistrs),
623 4641 699 4693 cuius
718 4641 788 4692 lilius
807 4639 1020 4707 christophorus,
1039 4656 1108 4706 quae
1127 4640 1159 4692 de
1178 4639 1347 4707 sigismundo
1359 4642 1480 4706 Auguuo
1496 4654 1514 4690 s
1526 4653 1575 4706 ps·
1631 4671 1635 4676 ·

434 4738 474 4782 tre
493 4738 643 4798 acceperat,
662 4731 779 4783 carmine
804 4715 927 4796 (chwalp
945 4731 1097 4798 Zygmunts
1115 4731 1238 4796 Augusta
1262 4729 1349 4799 kraila)
1374 4730 1522 4781 cracoviae
1547 4743 1574 4781 s.

436 4819 505 4874 rulo
523 4820 672 4887 publicavit
690 4819 927 4886 (corrozanam,
946 4821 1011 4872 nne.
1033 4836 1098 4886 pos.
1119 4821 1191 4884 xm,
1209 4817 1281 4888 835).
1576 4807 1578 4810 ’
