4109 5767
755 768 791 803 au
809 767 937 803 roienses
956 767 1040 804 sam
1058 767 1201 811 aeruueus
1219 767 1360 803 ιιιιιιιιιι.
1581 754 1622 819 31

488 837 961 861 =...::=--—---.---
1101 849 1218 858 -...

596 963 669 1028 Hoe
692 963 849 1048 Auguste
872 971 960 1042 vetu3
983 961 1126 1047 Augusti
1149 969 1198 1026 est
1221 983 1349 1048 augere.
1380 959 1520 1049 Negabit

648 1070 787 1135 Nomine
809 1069 844 1133 in
867 1077 1005 1154 auguste
1028 1068 1101 1156 quis
1124 1067 1280 1133 minuisse
1303 1067 1416 1134 nefas?

535 1199 562 1242 u.
594 1176 629 1244 Si
652 1177 809 1242 minuisse
832 1175 933 1259 nefas,
955 1173 1036 1263 quid
1058 1185 1170 1260 totum,
1194 1175 1350 1262 Auguste,
1373 1176 1513 1264 negare?

648 1282 794 1365 Quilibet
816 1282 879 1349 hoe
900 1281 975 1369 plus
997 1305 1097 1370 quem
1120 1282 1240 1349 dixerit
1262 1305 1334 1352 esse
1355 1283 1455 1350 nefas

594 1391 659 1454 Fae
683 1391 725 1455 eit
749 1399 785 1454 ut
807 1411 893 1476 erge,
917 1389 1001 1472 iube,
1024 1411 1092 1472 rex,
1116 1411 1170 1454 ues
1193 1410 1373 1474 numerare,
1396 1399 1513 1476 negato

648 1494 697 1559 Ne
720 1505 871 1582 quaestor
893 1504 1026 1581 questus
1050 1501 1168 1576 augeat
1190 1515 1246 1558 ore
1268 1515 1365 1560 meos.

991 1687 1124 1754 XXXI.

594 1814 661 1880 Aes
683 1837 726 1880 ex
748 1836 812 1902 quo
835 1836 899 1879 uon
923 1822 972 1880 est
993 1812 1112 1901 largitu
1135 1811 1270 1879 I‘oluniu
1292 1811 1395 1898 nobis,

646 1918 739 1988 Stare
761 1929 876 2010 quater
899 1920 1023 2008 rigidus
1047 1920 1163 1986 brume
1186 1921 1291 2007 eoegit
1313 1942 1424 2006 equus,

593 2026 818 2116 Astrietasque
840 2025 916 2114 gelu
939 2037 1042 2092 terrua
1065 2027 1141 2092 nive
1163 2027 1273 2092 vestiit
1295 2025 1370 2112 alta,

646 2134 860 2221 Iueertusque
882 2134 957 2199 viae
979 2134 1117 2221 quisquo
1139 2132 1275 2200 tetendit
1297 2133 1367 2200 iter.

532 2262 559 2306 e.
589 2239 690 2306 Nulla
711 2241 833 2306 fluenta
854 2240 994 2328 gradum
1018 2239 1229 2329 properantis,
1252 2238 1342 2306 nullu
1364 2250 1532 2308 morantur

644 2347 782 2436 Staguu3
806 2348 861 2414 viu
884 2357 934 2414 est
956 2347 1103 2437 pedibus,
1126 2371 1191 2436 qua
1213 2346 1309 2414 modo
1332 2347 1449 2436 puppis
1472 2347 1518 2413 iit.

591 2454 745 2543 Undique
767 2455 882 2522 stridet
904 2455 1017 2541 hiems,
1040 2455 1154 2522 boreae
1178 2455 1258 2521 furit
1281 2454 1425 2544 undique
1447 2477 1565 2522 saevus

643 2563 801 2652 Duraque
823 2585 899 2631 eum
922 2564 1012 2630 tenui
1036 2586 1177 2652 paupere
1201 2561 1287 2630 bella
1308 2563 1400 2650 gerit.

591 2669 653 2756 Illi,
677 2671 730 2735 eui
754 2693 818 2736 nou
842 2680 891 2736 est
914 2692 977 2755 ees,
1001 2680 1051 2736 est
1074 2671 1132 2736 vix
1154 2670 1224 2735 vite
1246 2680 1432 2758 euperstee;¹

511 2798 557 2840 ιο.
645 2776 733 2842 Aere
755 2776 872 2863 fugare
893 2787 1013 2864 queant
1036 2777 1141 2864 frigus
1164 2787 1196 2842 et
1219 2798 1295 2843 aera
1317 2777 1445 2842 samem

590 2882 671 2967 Rex,
694 2882 738 2968 ni,
762 2883 919 2970 Auguste
942 2883 1044 2970 iubes,
1067 2883 1123 2949 det
1145 2883 1366 2950 thesaurarius
1389 2905 1516 2968 aarum,

643 2989 734 3056 Auro
756 2989 925 3080 pallebunt
947 2991 992 3056 mi
1015 2991 1121 3077 magis
1144 3012 1201 3055 ore
1224 2989 1319 3056 seme

977 3187 1128 3252 XXXII.

589 3308 775 3395 Hospitium
797 3330 862 3373 uon
885 3318 936 3374 est
947 3313 966 3394 ¹,
989 3331 1054 3374 non
1078 3331 1133 3374 aee
1155 3317 1227 3396 post
1250 3318 1402 3396 quattuor
1424 3329 1527 3374 annos

641 3412 711 3478 Abs
734 3423 778 3496 ως
801 3424 975 3502 paupertas
997 3415 1101 3481 meiur
1123 3437 1165 3480 en
1189 3435 1261 3482 esee
1282 3413 1407 3501 potest?

967 3606 1137 3673 XXXIII.

586 3728 700 3794 Exivit
722 3739 866 3818 quartus,
888 3730 1021 3818 quintus
1044 3732 1111 3796 iam
1133 3731 1273 3797 vertitur
1294 3753 1409 3816 annus,

640 3835 692 3899 Ex
714 3857 788 3922 quo,
810 3857 878 3922 rex,
901 3835 960 3901 ebs
983 3845 1016 3904 te
1039 3837 1151 3925 pensio
1173 3836 1264 3903 nullu
1286 3837 1383 3904 veuit

584 3940 770 4007 Mercedem
792 3943 826 4008 in
850 3941 987 4030 eaelum,
1010 3951 1046 4009 ut
1069 3943 1193 4030 dieunt,
1215 3941 1358 4010 elamare
1380 3952 1548 4028 retentam,

638 4047 675 4114 Si
697 4069 812 4114 verum
834 4057 892 4135 est,
915 4071 1010 4116 aures
1033 4051 1173 4116 moverit
1194 4049 1252 4116 illa
1274 4061 1356 4116 tuas.

523 4175 552 4219 e.
584 4151 647 4219 Illu
670 4163 743 4219 tues
765 4177 860 4222 eures
884 4166 1022 4243 moveat,
1046 4167 1145 4245 tuque
1167 4157 1237 4246 ipse
1260 4168 1389 4225 moveto

636 4261 809 4349 Linguam,
830 4273 871 4350 et,
893 4263 980 4353 quod
1003 4264 1163 4353 reliquum
1186 4275 1244 4352 est,
1267 4287 1323 4334 aes
1345 4287 1517 4333 numerare
1532 4262 1617 4331 iube

584 4511 592 4540 ¹
613 4513 646 4563 Ni
667 4514 747 4566 telier
765 4515 914 4569 Varsariae
931 4517 960 4568 iu
979 4519 1095 4570 comitiis
1114 4535 1138 4569 a.
1159 4518 1236 4573 1570.
1263 4519 1338 4570 Geni.
1364 4517 1418 4570 triu
1441 4517 1563 4570 etunius
1581 4515 1617 4567 sd

474 4601 513 4652 10.
532 4600 663 4653 Firieium
680 4603 768 4668 (Com.
786 4602 840 4658 347
858 4629 881 4650 ι
899 4623 951 4659 ess.
970 4606 1041 4676 273).

940 4811 1153 4820 ——-—
