<?xml version="1.0" encoding="UTF-8"?>
<!DOCTYPE html PUBLIC "-//W3C//DTD XHTML 1.0 Transitional//EN"
    "http://www.w3.org/TR/xhtml1/DTD/xhtml1-transitional.dtd">
<html xmlns="http://www.w3.org/1999/xhtml" xml:lang="en" lang="en">
 <head>
  <title>
</title>
<meta http-equiv="Content-Type" content="text/html;charset=utf-8" />
  <meta name='ocr-system' content='tesseract 3.04.00' />
  <meta name='ocr-capabilities' content='ocr_page ocr_carea ocr_par ocr_line ocrx_word'/>
</head>
<body>
  <div class='ocr_page' id='page_1' title='image "./petriroyziimaur00morogoog_0408.png"; bbox 0 0 4109 5767; ppageno 0'>
   <div class='ocr_carea' id='block_1_1' title="bbox 715 683 1425 748">
    <p class='ocr_par' dir='ltr' id='par_1_1' title="bbox 715 683 1425 748">
     <span class='ocr_line' id='line_1_1' title="bbox 715 683 1425 748; baseline 0.001 -14"><span class='ocrx_word' id='word_1_1' title='bbox 715 683 787 748; x_wconf 77' lang='lat'><strong>286</strong></span> <span class='ocrx_word' id='word_1_2' title='bbox 1191 718 1194 726; x_wconf 84' lang='lat'><em>·</em></span> <span class='ocrx_word' id='word_1_3' title='bbox 1231 699 1309 734; x_wconf 74' lang='lat' dir='ltr'><strong>rma</strong></span> <span class='ocrx_word' id='word_1_4' title='bbox 1327 699 1425 735; x_wconf 77' lang='lat' dir='ltr'><strong>noran.</strong></span> 
     </span>
    </p>
   </div>
   <div class='ocr_carea' id='block_1_2' title="bbox 737 890 1862 3777">
    <p class='ocr_par' dir='ltr' id='par_1_2' title="bbox 827 890 1727 984">
     <span class='ocr_line' id='line_1_2' title="bbox 827 890 1727 984; baseline -0.002 -26"><span class='ocrx_word' id='word_1_5' title='bbox 827 892 926 959; x_wconf 86' lang='lat' dir='ltr'><strong>Haud</strong></span> <span class='ocrx_word' id='word_1_6' title='bbox 950 893 1030 960; x_wconf 88' lang='lat' dir='ltr'><strong>eatis</strong></span> <span class='ocrx_word' id='word_1_7' title='bbox 1052 893 1189 984; x_wconf 89' lang='lat' dir='ltr'><strong>imperie</strong></span> <span class='ocrx_word' id='word_1_8' title='bbox 1210 894 1353 983; x_wconf 75' lang='lat' dir='ltr'>Augusti</span> <span class='ocrx_word' id='word_1_9' title='bbox 1376 891 1560 959; x_wconf 86' lang='lat' dir='ltr'><strong>moderate¹</strong></span> <span class='ocrx_word' id='word_1_10' title='bbox 1585 890 1727 958; x_wconf 83' lang='lat' dir='ltr'><strong>ferentis.</strong></span> 
     </span>
    </p>

    <p class='ocr_par' dir='ltr' id='par_1_3' title="bbox 742 999 1772 1522">
     <span class='ocr_line' id='line_1_3' title="bbox 742 999 1681 1092; baseline -0.004 -22"><span class='ocrx_word' id='word_1_11' title='bbox 742 1025 794 1070; x_wconf 75' lang='lat' dir='ltr'><strong>se.</strong></span> <span class='ocrx_word' id='word_1_12' title='bbox 823 1002 971 1072; x_wconf 80' lang='lat' dir='ltr'><strong>Divitiae</strong></span> <span class='ocrx_word' id='word_1_13' title='bbox 993 1002 1135 1070; x_wconf 87' lang='lat' dir='ltr'><strong>reddunt</strong></span> <span class='ocrx_word' id='word_1_14' title='bbox 1157 1001 1300 1070; x_wconf 88' lang='lat' dir='ltr'><strong>tumidos</strong></span> <span class='ocrx_word' id='word_1_15' title='bbox 1321 1001 1511 1092; x_wconf 71' lang='lat' dir='ltr'><strong>adduntque</strong></span> <span class='ocrx_word' id='word_1_16' title='bbox 1533 999 1681 1092; x_wconf 89' lang='lat' dir='ltr'><strong>superbie</strong></span> 
     </span>
     <span class='ocr_line' id='line_1_4' title="bbox 826 1108 1772 1202; baseline -0.005 -23"><span class='ocrx_word' id='word_1_17' title='bbox 826 1111 1064 1202; x_wconf 86' lang='lat' dir='ltr'><strong>Indomitieque</strong></span> <span class='ocrx_word' id='word_1_18' title='bbox 1086 1112 1211 1179; x_wconf 87' lang='lat' dir='ltr'><strong>animos</strong></span> <span class='ocrx_word' id='word_1_19' title='bbox 1233 1121 1429 1202; x_wconf 83' lang='lat' dir='ltr'><strong>vertuntque</strong></span> <span class='ocrx_word' id='word_1_20' title='bbox 1450 1135 1472 1178; x_wconf 87' lang='lat' dir='ltr'><strong>u</strong></span> <span class='ocrx_word' id='word_1_21' title='bbox 1492 1108 1628 1178; x_wconf 86' lang='lat' dir='ltr'><strong>cardine</strong></span> <span class='ocrx_word' id='word_1_22' title='bbox 1650 1131 1772 1176; x_wconf 79' lang='lat' dir='ltr'><strong>sensus</strong></span> 
     </span>
     <span class='ocr_line' id='line_1_5' title="bbox 826 1219 1660 1290; baseline -0.002 -4"><span class='ocrx_word' id='word_1_23' title='bbox 826 1220 979 1290; x_wconf 91' lang='lat' dir='ltr'><strong>Imbuere</strong></span> <span class='ocrx_word' id='word_1_24' title='bbox 1001 1243 1087 1288; x_wconf 88' lang='lat' dir='ltr'><strong>anne</strong></span> <span class='ocrx_word' id='word_1_25' title='bbox 1107 1221 1227 1288; x_wconf 89' lang='lat' dir='ltr'><strong>itemm</strong></span> <span class='ocrx_word' id='word_1_26' title='bbox 1249 1221 1388 1287; x_wconf 86' lang='lat' dir='ltr'><strong>muriani</strong></span> <span class='ocrx_word' id='word_1_27' title='bbox 1411 1219 1544 1286; x_wconf 79' lang='lat' dir='ltr'><strong>militie·</strong></span> <span class='ocrx_word' id='word_1_28' title='bbox 1566 1240 1660 1286; x_wconf 86' lang='lat' dir='ltr'><strong>enses</strong></span> 
     </span>
     <span class='ocr_line' id='line_1_6' title="bbox 829 1327 1723 1416; baseline -0.004 -21"><span class='ocrx_word' id='word_1_29' title='bbox 829 1330 1020 1396; x_wconf 76' lang='lat' dir='ltr'><strong>Festinant?</strong></span> <span class='ocrx_word' id='word_1_30' title='bbox 1043 1351 1180 1397; x_wconf 80' lang='lat' dir='ltr'><strong>eaerum</strong></span> <span class='ocrx_word' id='word_1_31' title='bbox 1202 1329 1405 1396; x_wconf 85' lang='lat' dir='ltr'><strong>dominatum</strong></span> <span class='ocrx_word' id='word_1_32' title='bbox 1426 1327 1573 1416; x_wconf 85' lang='lat' dir='ltr'><strong>duraque</strong></span> <span class='ocrx_word' id='word_1_33' title='bbox 1596 1336 1723 1416; x_wconf 87' lang='lat' dir='ltr'><strong>eoeptru</strong></span> 
     </span>
     <span class='ocr_line' id='line_1_7' title="bbox 829 1433 1658 1522; baseline -0.005 -19"><span class='ocrx_word' id='word_1_34' title='bbox 829 1435 965 1503; x_wconf 80' lang='lat' dir='ltr'><strong>sortiri?</strong></span> <span class='ocrx_word' id='word_1_35' title='bbox 994 1435 1091 1517; x_wconf 82' lang='lat' dir='ltr'><strong>Quod</strong></span> <span class='ocrx_word' id='word_1_36' title='bbox 1113 1459 1156 1503; x_wconf 92' lang='lat' dir='ltr'><strong>ne</strong></span> <span class='ocrx_word' id='word_1_37' title='bbox 1178 1439 1308 1522; x_wconf 77' lang='lat' dir='ltr'><strong>tament,</strong></span> <span class='ocrx_word' id='word_1_38' title='bbox 1331 1436 1510 1504; x_wconf 78' lang='lat' dir='ltr'><strong>(laeimirue</strong></span> <span class='ocrx_word' id='word_1_39' title='bbox 1533 1433 1658 1502; x_wconf 76' lang='lat' dir='ltr'><strong>adivit·</strong></span> 
     </span>
    </p>

    <p class='ocr_par' dir='ltr' id='par_1_4' title="bbox 741 1539 1862 2060">
     <span class='ocr_line' id='line_1_8' title="bbox 741 1539 1596 1630; baseline 0.002 -26"><span class='ocrx_word' id='word_1_40' title='bbox 741 1561 795 1606; x_wconf 81' lang='lat' dir='ltr'><strong>eo.</strong></span> <span class='ocrx_word' id='word_1_41' title='bbox 829 1541 944 1607; x_wconf 82' lang='lat' dir='ltr'><strong>Martie</strong></span> <span class='ocrx_word' id='word_1_42' title='bbox 967 1541 1144 1608; x_wconf 73' lang='lat' dir='ltr'><strong>discrimen</strong></span> <span class='ocrx_word' id='word_1_43' title='bbox 1166 1541 1320 1630; x_wconf 79' lang='lat' dir='ltr'><strong>longique</strong></span> <span class='ocrx_word' id='word_1_44' title='bbox 1341 1540 1488 1628; x_wconf 88' lang='lat' dir='ltr'><strong>pericula</strong></span> <span class='ocrx_word' id='word_1_45' title='bbox 1509 1539 1596 1607; x_wconf 91' lang='lat' dir='ltr'><strong>belli.</strong></span> 
     </span>
     <span class='ocr_line' id='line_1_9' title="bbox 829 1643 1766 1735; baseline -0.005 -22"><span class='ocrx_word' id='word_1_46' title='bbox 829 1645 1040 1735; x_wconf 86' lang='lat' dir='ltr'><strong>Supplicibne</strong></span> <span class='ocrx_word' id='word_1_47' title='bbox 1062 1657 1189 1714; x_wconf 89' lang='lat' dir='ltr'><strong>tentum</strong></span> <span class='ocrx_word' id='word_1_48' title='bbox 1211 1656 1244 1712; x_wconf 92' lang='lat' dir='ltr'><strong>et</strong></span> <span class='ocrx_word' id='word_1_49' title='bbox 1267 1669 1332 1713; x_wconf 91' lang='lat' dir='ltr'><strong>non</strong></span> <span class='ocrx_word' id='word_1_50' title='bbox 1354 1645 1456 1733; x_wconf 80' lang='lat' dir='ltr'><strong>(ligne</strong></span> <span class='ocrx_word' id='word_1_51' title='bbox 1479 1644 1658 1712; x_wconf 84' lang='lat' dir='ltr'><strong>ferentibus</strong></span> <span class='ocrx_word' id='word_1_52' title='bbox 1679 1643 1766 1728; x_wconf 74' lang='lat' dir='ltr'><strong>olim,</strong></span> 
     </span>
     <span class='ocr_line' id='line_1_10' title="bbox 827 1753 1726 1842; baseline 0 -24"><span class='ocrx_word' id='word_1_53' title='bbox 827 1753 912 1818; x_wconf 76' lang='lat' dir='ltr'><strong>&#39;l&#39;um</strong></span> <span class='ocrx_word' id='word_1_54' title='bbox 935 1754 1068 1820; x_wconf 86' lang='lat' dir='ltr'><strong>tandem</strong></span> <span class='ocrx_word' id='word_1_55' title='bbox 1091 1753 1134 1820; x_wconf 86' lang='lat' dir='ltr'><strong>ed</strong></span> <span class='ocrx_word' id='word_1_56' title='bbox 1156 1755 1284 1842; x_wconf 89' lang='lat' dir='ltr'><strong>priscae</strong></span> <span class='ocrx_word' id='word_1_57' title='bbox 1306 1754 1463 1821; x_wconf 74' lang='lat' dir='ltr'><strong>ditinnis‘</strong></span> <span class='ocrx_word' id='word_1_58' title='bbox 1483 1754 1556 1818; x_wconf 89' lang='lat' dir='ltr'><strong>iura</strong></span> <span class='ocrx_word' id='word_1_59' title='bbox 1578 1753 1726 1836; x_wconf 83' lang='lat' dir='ltr'><strong>reversis,</strong></span> 
     </span>
     <span class='ocr_line' id='line_1_11' title="bbox 829 1859 1862 1944; baseline -0.004 -19"><span class='ocrx_word' id='word_1_60' title='bbox 829 1860 999 1927; x_wconf 89' lang='lat' dir='ltr'><strong>Indultum</strong></span> <span class='ocrx_word' id='word_1_61' title='bbox 1014 1863 1092 1928; x_wconf 69' lang='lat' dir='ltr'><strong>estl.</strong></span> <span class='ocrx_word' id='word_1_62' title='bbox 1114 1861 1221 1944; x_wconf 75' lang='lat' dir='ltr'><strong>Quem</strong></span> <span class='ocrx_word' id='word_1_63' title='bbox 1237 1885 1303 1928; x_wconf 90' lang='lat' dir='ltr'><strong>non</strong></span> <span class='ocrx_word' id='word_1_64' title='bbox 1318 1861 1474 1928; x_wconf 85' lang='lat' dir='ltr'><strong>lacrimae</strong></span> <span class='ocrx_word' id='word_1_65' title='bbox 1492 1870 1525 1928; x_wconf 92' lang='lat' dir='ltr'><strong>et</strong></span> <span class='ocrx_word' id='word_1_66' title='bbox 1539 1859 1681 1926; x_wconf 85' lang='lat' dir='ltr'><strong>lamenta</strong></span> <span class='ocrx_word' id='word_1_67' title='bbox 1695 1866 1862 1925; x_wconf 85' lang='lat' dir='ltr'><strong>moverent</strong></span> 
     </span>
     <span class='ocr_line' id='line_1_12' title="bbox 831 1967 1657 2060; baseline -0.004 -24"><span class='ocrx_word' id='word_1_68' title='bbox 831 1967 974 2038; x_wconf 86' lang='lat' dir='ltr'><strong>Servitio</strong></span> <span class='ocrx_word' id='word_1_69' title='bbox 996 1971 1142 2060; x_wconf 91' lang='lat' dir='ltr'><strong>oppressi</strong></span> <span class='ocrx_word' id='word_1_70' title='bbox 1165 1968 1277 2060; x_wconf 90' lang='lat' dir='ltr'><strong>populi</strong></span> <span class='ocrx_word' id='word_1_71' title='bbox 1299 1978 1332 2037; x_wconf 90' lang='lat' dir='ltr'><strong>et</strong></span> <span class='ocrx_word' id='word_1_72' title='bbox 1353 1969 1505 2059; x_wconf 89' lang='lat' dir='ltr'><strong>pallentis</strong></span> <span class='ocrx_word' id='word_1_73' title='bbox 1527 1969 1657 2056; x_wconf 83' lang='lat' dir='ltr'><strong>imago?</strong></span> 
     </span>
    </p>

    <p class='ocr_par' dir='ltr' id='par_1_5' title="bbox 740 2075 1755 2600">
     <span class='ocr_line' id='line_1_13' title="bbox 740 2075 1752 2166; baseline -0.001 -25"><span class='ocrx_word' id='word_1_74' title='bbox 740 2098 795 2141; x_wconf 81' lang='lat' dir='ltr'><strong>ee.</strong></span> <span class='ocrx_word' id='word_1_75' title='bbox 827 2075 933 2165; x_wconf 89' lang='lat' dir='ltr'><strong>Seque</strong></span> <span class='ocrx_word' id='word_1_76' title='bbox 955 2099 1095 2165; x_wconf 85' lang='lat' dir='ltr'><strong>suosque</strong></span> <span class='ocrx_word' id='word_1_77' title='bbox 1118 2079 1195 2166; x_wconf 81' lang='lat' dir='ltr'><strong>iugo</strong></span> <span class='ocrx_word' id='word_1_78' title='bbox 1218 2080 1275 2166; x_wconf 93' lang='lat' dir='ltr'><strong>qui</strong></span> <span class='ocrx_word' id='word_1_79' title='bbox 1297 2099 1436 2145; x_wconf 86' lang='lat' dir='ltr'><strong>excusso</strong></span> <span class='ocrx_word' id='word_1_80' title='bbox 1458 2076 1543 2144; x_wconf 88' lang='lat' dir='ltr'><strong>ferre</strong></span> <span class='ocrx_word' id='word_1_81' title='bbox 1564 2075 1752 2164; x_wconf 78' lang='lat' dir='ltr'><strong>negabant⁶</strong></span> 
     </span>
     <span class='ocr_line' id='line_1_14' title="bbox 827 2183 1695 2274; baseline -0.002 -25"><span class='ocrx_word' id='word_1_82' title='bbox 827 2184 927 2250; x_wconf 84' lang='lat' dir='ltr'><strong>Posse</strong></span> <span class='ocrx_word' id='word_1_83' title='bbox 949 2207 1052 2272; x_wconf 83' lang='lat' dir='ltr'><strong>greve</strong></span> <span class='ocrx_word' id='word_1_84' title='bbox 1075 2185 1248 2274; x_wconf 90' lang='lat' dir='ltr'><strong>imperium</strong></span> <span class='ocrx_word' id='word_1_85' title='bbox 1270 2194 1303 2252; x_wconf 92' lang='lat' dir='ltr'><strong>et</strong></span> <span class='ocrx_word' id='word_1_86' title='bbox 1325 2183 1417 2252; x_wconf 88' lang='lat' dir='ltr'><strong>duris</strong></span> <span class='ocrx_word' id='word_1_87' title='bbox 1439 2205 1553 2274; x_wconf 90' lang='lat' dir='ltr'><strong>parere</strong></span> <span class='ocrx_word' id='word_1_88' title='bbox 1574 2183 1695 2271; x_wconf 89' lang='lat' dir='ltr'><strong>lupatis</strong></span> 
     </span>
     <span class='ocr_line' id='line_1_15' title="bbox 827 2291 1560 2385; baseline 0 -27"><span class='ocrx_word' id='word_1_89' title='bbox 827 2291 932 2359; x_wconf 82' lang='lat' dir='ltr'><strong>Invisi</strong></span> <span class='ocrx_word' id='word_1_90' title='bbox 955 2293 1051 2359; x_wconf 87' lang='lat' dir='ltr'><strong>terris</strong></span> <span class='ocrx_word' id='word_1_91' title='bbox 1072 2292 1280 2385; x_wconf 84' lang='lat' dir='ltr'><strong>Solymomm</strong></span> <span class='ocrx_word' id='word_1_92' title='bbox 1303 2291 1437 2359; x_wconf 81' lang='lat' dir='ltr'><strong>militie?</strong></span> <span class='ocrx_word' id='word_1_93' title='bbox 1460 2291 1560 2381; x_wconf 80' lang='lat' dir='ltr'><strong>Agris</strong></span> 
     </span>
     <span class='ocr_line' id='line_1_16' title="bbox 826 2399 1755 2491; baseline 0.006 -25"><span class='ocrx_word' id='word_1_94' title='bbox 826 2399 892 2482; x_wconf 83' lang='lat' dir='ltr'><strong>Qui</strong></span> <span class='ocrx_word' id='word_1_95' title='bbox 916 2400 1064 2490; x_wconf 85' lang='lat' dir='ltr'><strong>hispanie</strong></span> <span class='ocrx_word' id='word_1_96' title='bbox 1086 2400 1151 2468; x_wconf 91' lang='lat' dir='ltr'><strong>late</strong></span> <span class='ocrx_word' id='word_1_97' title='bbox 1174 2401 1288 2490; x_wconf 88' lang='lat' dir='ltr'><strong>palene</strong></span> <span class='ocrx_word' id='word_1_98' title='bbox 1309 2400 1488 2491; x_wconf 80' lang='lat' dir='ltr'><strong>pulsusque</strong></span> <span class='ocrx_word' id='word_1_99' title='bbox 1509 2399 1680 2486; x_wconf 81' lang='lat' dir='ltr'><strong>britannie,</strong></span> <span class='ocrx_word' id='word_1_100' title='bbox 1752 2463 1755 2472; x_wconf 94' lang='lat'><em>.</em></span> 
     </span>
     <span class='ocr_line' id='line_1_17' title="bbox 828 2507 1627 2600; baseline 0 -26"><span class='ocrx_word' id='word_1_101' title='bbox 828 2507 976 2576; x_wconf 79' lang='lat' dir='ltr'><strong>Perfidus</strong></span> <span class='ocrx_word' id='word_1_102' title='bbox 998 2509 1041 2576; x_wconf 86' lang='lat' dir='ltr'><strong>ud</strong></span> <span class='ocrx_word' id='word_1_103' title='bbox 1065 2520 1188 2600; x_wconf 82' lang='lat' dir='ltr'><strong>septem</strong></span> <span class='ocrx_word' id='word_1_104' title='bbox 1211 2532 1282 2577; x_wconf 89' lang='lat' dir='ltr'><strong>sese</strong></span> <span class='ocrx_word' id='word_1_105' title='bbox 1304 2511 1379 2577; x_wconf 89' lang='lat' dir='ltr'><strong>tulit</strong></span> <span class='ocrx_word' id='word_1_106' title='bbox 1401 2531 1482 2577; x_wconf 83' lang='lat' dir='ltr'><strong>arva</strong></span> <span class='ocrx_word' id='word_1_107' title='bbox 1502 2510 1627 2596; x_wconf 87' lang='lat' dir='ltr'><strong>trionis,</strong></span> 
     </span>
    </p>

    <p class='ocr_par' dir='ltr' id='par_1_6' title="bbox 737 2615 1673 2920">
     <span class='ocr_line' id='line_1_18' title="bbox 737 2615 1673 2708; baseline 0 -24"><span class='ocrx_word' id='word_1_108' title='bbox 737 2641 793 2684; x_wconf 83' lang='lat' dir='ltr'><strong>ec.</strong></span> <span class='ocrx_word' id='word_1_109' title='bbox 826 2615 946 2685; x_wconf 83' lang='lat' dir='ltr'><strong>Omnia</strong></span> <span class='ocrx_word' id='word_1_110' title='bbox 969 2619 1191 2707; x_wconf 82' lang='lat' dir='ltr'><strong>permixtarue</strong></span> <span class='ocrx_word' id='word_1_111' title='bbox 1214 2628 1247 2687; x_wconf 92' lang='lat' dir='ltr'><strong>et</strong></span> <span class='ocrx_word' id='word_1_112' title='bbox 1269 2619 1336 2686; x_wconf 82' lang='lat' dir='ltr'><strong>otia</strong></span> <span class='ocrx_word' id='word_1_113' title='bbox 1357 2618 1444 2686; x_wconf 88' lang='lat' dir='ltr'><strong>laete</strong></span> <span class='ocrx_word' id='word_1_114' title='bbox 1465 2639 1673 2708; x_wconf 88' lang='lat' dir='ltr'><strong>peromnem</strong></span> 
     </span>
     <span class='ocr_line' id='line_1_19' title="bbox 827 2724 1581 2815; baseline -0.001 -23"><span class='ocrx_word' id='word_1_115' title='bbox 827 2725 1022 2792; x_wconf 86' lang='lat' dir='ltr'><strong>Sarmatiam</strong></span> <span class='ocrx_word' id='word_1_116' title='bbox 1045 2724 1131 2792; x_wconf 89' lang='lat' dir='ltr'><strong>bello</strong></span> <span class='ocrx_word' id='word_1_117' title='bbox 1153 2725 1219 2793; x_wconf 86' lang='lat' dir='ltr'><strong>late</strong></span> <span class='ocrx_word' id='word_1_118' title='bbox 1240 2736 1396 2815; x_wconf 89' lang='lat' dir='ltr'><strong>rupturus</strong></span> <span class='ocrx_word' id='word_1_119' title='bbox 1418 2735 1451 2793; x_wconf 89' lang='lat' dir='ltr'><strong>et</strong></span> <span class='ocrx_word' id='word_1_120' title='bbox 1472 2726 1581 2811; x_wconf 80' lang='lat' dir='ltr'><strong>armis,</strong></span> 
     </span>
     <span class='ocr_line' id='line_1_20' title="bbox 826 2831 1635 2920; baseline -0.001 -23"><span class='ocrx_word' id='word_1_121' title='bbox 826 2831 987 2898; x_wconf 79' lang='lat' dir='ltr'><strong>Pulchrae</strong></span> <span class='ocrx_word' id='word_1_122' title='bbox 1010 2854 1084 2898; x_wconf 88' lang='lat' dir='ltr'><strong>oeor</strong></span> <span class='ocrx_word' id='word_1_123' title='bbox 1106 2833 1198 2920; x_wconf 88' lang='lat' dir='ltr'><strong>pecie</strong></span> <span class='ocrx_word' id='word_1_124' title='bbox 1220 2831 1487 2920; x_wconf 86' lang='lat' dir='ltr'><strong>perturbatorque</strong></span> <span class='ocrx_word' id='word_1_125' title='bbox 1508 2831 1635 2918; x_wconf 81' lang='lat' dir='ltr'><strong>quietis</strong></span> 
     </span>
    </p>

    <p class='ocr_par' dir='ltr' id='par_1_7' title="bbox 915 2934 1662 3025">
     <span class='ocr_line' id='line_1_21' title="bbox 915 2934 1662 3025; baseline -0.005 -21"><span class='ocrx_word' id='word_1_126' title='bbox 915 2934 1058 3004; x_wconf 76' lang='lat' dir='ltr'><strong>servitio</strong></span> <span class='ocrx_word' id='word_1_127' title='bbox 1081 2939 1176 3004; x_wconf 89' lang='lat' dir='ltr'><strong>ouius</strong></span> <span class='ocrx_word' id='word_1_128' title='bbox 1198 2961 1263 3025; x_wconf 89' lang='lat' dir='ltr'><strong>quo</strong></span> <span class='ocrx_word' id='word_1_129' title='bbox 1285 2939 1389 3004; x_wconf 88' lang='lat' dir='ltr'><strong>exiret</strong></span> <span class='ocrx_word' id='word_1_130' title='bbox 1410 2937 1554 3022; x_wconf 81' lang='lat' dir='ltr'><strong>Proseis,</strong></span> <span class='ocrx_word' id='word_1_131' title='bbox 1576 2934 1662 3001; x_wconf 91' lang='lat' dir='ltr'><strong>bello</strong></span> 
     </span>
    </p>

    <p class='ocr_par' dir='ltr' id='par_1_8' title="bbox 826 3041 1579 3130">
     <span class='ocr_line' id='line_1_22' title="bbox 826 3041 1579 3130; baseline 0.001 -23"><span class='ocrx_word' id='word_1_132' title='bbox 826 3041 994 3129; x_wconf 91' lang='lat' dir='ltr'><strong>Implicuit</strong></span> <span class='ocrx_word' id='word_1_133' title='bbox 1016 3065 1088 3109; x_wconf 87' lang='lat' dir='ltr'><strong>eeee</strong></span> <span class='ocrx_word' id='word_1_134' title='bbox 1110 3043 1208 3130; x_wconf 79' lang='lat' dir='ltr'><strong>longo</strong></span> <span class='ocrx_word' id='word_1_135' title='bbox 1230 3044 1410 3111; x_wconf 84' lang='lat' dir='ltr'><strong>animirne</strong></span> <span class='ocrx_word' id='word_1_136' title='bbox 1432 3053 1464 3108; x_wconf 90' lang='lat' dir='ltr'><strong>et</strong></span> <span class='ocrx_word' id='word_1_137' title='bbox 1486 3063 1579 3108; x_wconf 80' lang='lat' dir='ltr'><strong>neree</strong></span> 
     </span>
    </p>

    <p class='ocr_par' dir='ltr' id='par_1_9' title="bbox 737 3146 1812 3670">
     <span class='ocr_line' id='line_1_23' title="bbox 737 3146 1714 3232; baseline -0.002 -19"><span class='ocrx_word' id='word_1_138' title='bbox 737 3170 792 3213; x_wconf 84' lang='lat' dir='ltr'><strong>eu.</strong></span> <span class='ocrx_word' id='word_1_139' title='bbox 823 3148 938 3212; x_wconf 89' lang='lat' dir='ltr'><strong>Deeita</strong></span> <span class='ocrx_word' id='word_1_140' title='bbox 961 3148 1027 3212; x_wconf 88' lang='lat' dir='ltr'><strong>iam</strong></span> <span class='ocrx_word' id='word_1_141' title='bbox 1050 3147 1176 3214; x_wconf 87' lang='lat' dir='ltr'><strong>dudum</strong></span> <span class='ocrx_word' id='word_1_142' title='bbox 1199 3149 1366 3215; x_wconf 86' lang='lat' dir='ltr'><strong>revocavit</strong></span> <span class='ocrx_word' id='word_1_143' title='bbox 1387 3147 1432 3214; x_wconf 84' lang='lat' dir='ltr'><strong>ed</strong></span> <span class='ocrx_word' id='word_1_144' title='bbox 1453 3168 1546 3213; x_wconf 86' lang='lat' dir='ltr'><strong>arme</strong></span> <span class='ocrx_word' id='word_1_145' title='bbox 1567 3146 1714 3232; x_wconf 87' lang='lat' dir='ltr'><strong>Polonos,</strong></span> 
     </span>
     <span class='ocr_line' id='line_1_24' title="bbox 827 3251 1669 3342; baseline 0 -24"><span class='ocrx_word' id='word_1_146' title='bbox 827 3251 994 3340; x_wconf 76' lang='lat' dir='ltr'><strong>Sanguine</strong></span> <span class='ocrx_word' id='word_1_147' title='bbox 1017 3254 1073 3341; x_wconf 89' lang='lat' dir='ltr'><strong>qui</strong></span> <span class='ocrx_word' id='word_1_148' title='bbox 1096 3275 1212 3342; x_wconf 87' lang='lat' dir='ltr'><strong>pacem</strong></span> <span class='ocrx_word' id='word_1_149' title='bbox 1235 3253 1330 3320; x_wconf 86' lang='lat' dir='ltr'><strong>vobis</strong></span> <span class='ocrx_word' id='word_1_150' title='bbox 1352 3275 1505 3341; x_wconf 86' lang='lat' dir='ltr'><strong>peperere</strong></span> <span class='ocrx_word' id='word_1_151' title='bbox 1526 3252 1669 3342; x_wconf 83' lang='lat' dir='ltr'><strong>profuso.</strong></span> 
     </span>
     <span class='ocr_line' id='line_1_25' title="bbox 827 3358 1719 3451; baseline -0.001 -26"><span class='ocrx_word' id='word_1_152' title='bbox 827 3358 975 3441; x_wconf 83' lang='lat' dir='ltr'><strong>Quorum</strong></span> <span class='ocrx_word' id='word_1_153' title='bbox 998 3383 1059 3451; x_wconf 90' lang='lat' dir='ltr'><strong>ope</strong></span> <span class='ocrx_word' id='word_1_154' title='bbox 1080 3371 1175 3450; x_wconf 83' lang='lat' dir='ltr'><strong>perte</strong></span> <span class='ocrx_word' id='word_1_155' title='bbox 1196 3362 1298 3451; x_wconf 89' lang='lat' dir='ltr'><strong>quies,</strong></span> <span class='ocrx_word' id='word_1_156' title='bbox 1320 3361 1454 3429; x_wconf 88' lang='lat' dir='ltr'><strong>libertae</strong></span> <span class='ocrx_word' id='word_1_157' title='bbox 1476 3360 1612 3447; x_wconf 83' lang='lat' dir='ltr'><strong>reddite,</strong></span> <span class='ocrx_word' id='word_1_158' title='bbox 1633 3358 1719 3425; x_wconf 87' lang='lat' dir='ltr'><strong>letae</strong></span> 
     </span>
     <span class='ocr_line' id='line_1_26' title="bbox 827 3468 1612 3563; baseline 0 -28"><span class='ocrx_word' id='word_1_159' title='bbox 827 3469 955 3537; x_wconf 84' lang='lat' dir='ltr'><strong>Edictie</strong></span> <span class='ocrx_word' id='word_1_160' title='bbox 977 3469 1117 3560; x_wconf 86' lang='lat' dir='ltr'><strong>placidie</strong></span> <span class='ocrx_word' id='word_1_161' title='bbox 1141 3469 1295 3561; x_wconf 82' lang='lat' dir='ltr'><strong>nulleque</strong></span> <span class='ocrx_word' id='word_1_162' title='bbox 1316 3469 1493 3563; x_wconf 71' lang='lat' dir='ltr'><strong>tyrannide</strong></span> <span class='ocrx_word' id='word_1_163' title='bbox 1515 3468 1612 3558; x_wconf 76' lang='lat' dir='ltr'><strong>leges</strong></span> 
     </span>
     <span class='ocr_line' id='line_1_27' title="bbox 827 3576 1812 3670; baseline -0.003 -26"><span class='ocrx_word' id='word_1_164' title='bbox 827 3577 986 3668; x_wconf 81' lang='lat' dir='ltr'><strong>Tempore</strong></span> <span class='ocrx_word' id='word_1_165' title='bbox 1007 3603 1092 3670; x_wconf 86' lang='lat' dir='ltr'><strong>quae</strong></span> <span class='ocrx_word' id='word_1_166' title='bbox 1115 3603 1157 3648; x_wconf 86' lang='lat' dir='ltr'><strong>ex</strong></span> <span class='ocrx_word' id='word_1_167' title='bbox 1180 3579 1236 3647; x_wconf 93' lang='lat' dir='ltr'><strong>illo</strong></span> <span class='ocrx_word' id='word_1_168' title='bbox 1258 3601 1413 3670; x_wconf 84' lang='lat' dir='ltr'><strong>praesens</strong></span> <span class='ocrx_word' id='word_1_169' title='bbox 1435 3579 1616 3646; x_wconf 89' lang='lat' dir='ltr'><strong>retinentur</strong></span> <span class='ocrx_word' id='word_1_170' title='bbox 1637 3576 1674 3643; x_wconf 90' lang='lat' dir='ltr'><strong>in</strong></span> <span class='ocrx_word' id='word_1_171' title='bbox 1695 3597 1812 3643; x_wconf 83' lang='lat' dir='ltr'><strong>sevum</strong></span> 
     </span>
    </p>

    <p class='ocr_par' dir='ltr' id='par_1_10' title="bbox 744 3685 1559 3777">
     <span class='ocr_line' id='line_1_28' title="bbox 744 3685 1559 3777; baseline 0.001 -24"><span class='ocrx_word' id='word_1_172' title='bbox 744 3709 791 3754; x_wconf 75' lang='lat' dir='ltr'><strong>ro.</strong></span> <span class='ocrx_word' id='word_1_173' title='bbox 823 3685 980 3755; x_wconf 86' lang='lat' dir='ltr'><strong>Immotee</strong></span> <span class='ocrx_word' id='word_1_174' title='bbox 1002 3688 1107 3755; x_wconf 87' lang='lat' dir='ltr'><strong>multu</strong></span> <span class='ocrx_word' id='word_1_175' title='bbox 1129 3710 1205 3755; x_wconf 90' lang='lat' dir='ltr'><strong>cum</strong></span> <span class='ocrx_word' id='word_1_176' title='bbox 1228 3688 1387 3776; x_wconf 80' lang='lat' dir='ltr'><strong>libertate,</strong></span> <span class='ocrx_word' id='word_1_177' title='bbox 1408 3687 1559 3777; x_wconf 86' lang='lat' dir='ltr'><strong>querelae</strong></span> 
     </span>
    </p>
   </div>
   <div class='ocr_carea' id='block_1_3' title="bbox 718 3973 1857 4396">
    <p class='ocr_par' dir='ltr' id='par_1_11' title="bbox 718 3973 1857 4130">
     <span class='ocr_line' id='line_1_29' title="bbox 828 3973 1857 4042; baseline -0.003 -17"><span class='ocrx_word' id='word_1_178' title='bbox 828 3973 837 4004; x_wconf 90' lang='lat'><strong>¹</strong></span> <span class='ocrx_word' id='word_1_179' title='bbox 856 3975 949 4042; x_wconf 72' lang='lat' dir='ltr'><strong>iunge:</strong></span> <span class='ocrx_word' id='word_1_180' title='bbox 970 3975 1117 4040; x_wconf 78' lang='lat' dir='ltr'><strong>‚temntio“</strong></span> <span class='ocrx_word' id='word_1_181' title='bbox 1139 3991 1200 4028; x_wconf 87' lang='lat' dir='ltr'><strong>oum</strong></span> <span class='ocrx_word' id='word_1_182' title='bbox 1220 3975 1308 4040; x_wconf 80' lang='lat' dir='ltr'><strong>„houd</strong></span> <span class='ocrx_word' id='word_1_183' title='bbox 1327 3975 1394 4028; x_wconf 83' lang='lat' dir='ltr'><strong>satie</strong></span> <span class='ocrx_word' id='word_1_184' title='bbox 1412 3975 1567 4028; x_wconf 76' lang='lat' dir='ltr'><strong>modereta¹²</strong></span> <span class='ocrx_word' id='word_1_185' title='bbox 1587 3975 1645 4028; x_wconf 82' lang='lat' dir='ltr'><strong>scil.</strong></span> <span class='ocrx_word' id='word_1_186' title='bbox 1665 3990 1762 4042; x_wconf 75' lang='lat' dir='ltr'><strong>„aegro</strong></span> <span class='ocrx_word' id='word_1_187' title='bbox 1776 3974 1857 4026; x_wconf 81' lang='lat' dir='ltr'><strong>teron·</strong></span> 
     </span>
     <span class='ocr_line' id='line_1_30' title="bbox 718 4063 1287 4130; baseline 0.004 -16"><span class='ocrx_word' id='word_1_188' title='bbox 718 4063 755 4114; x_wconf 79' lang='lat' dir='ltr'><strong>tls</strong></span> <span class='ocrx_word' id='word_1_189' title='bbox 774 4065 830 4116; x_wconf 78' lang='lat' dir='ltr'><strong>mit</strong></span> <span class='ocrx_word' id='word_1_190' title='bbox 850 4064 971 4130; x_wconf 80' lang='lat' dir='ltr'><strong>imperio,</strong></span> <span class='ocrx_word' id='word_1_191' title='bbox 990 4065 1068 4130; x_wconf 84' lang='lat' dir='ltr'><strong>quael</strong></span> <span class='ocrx_word' id='word_1_192' title='bbox 1086 4064 1287 4116; x_wconf 76' lang='lat' dir='ltr'><strong>lmmodersts“.</strong></span> 
     </span>
    </p>

    <p class='ocr_par' dir='ltr' id='par_1_12' title="bbox 719 4151 1857 4306">
     <span class='ocr_line' id='line_1_31' title="bbox 826 4151 1857 4221; baseline -0.001 -17"><span class='ocrx_word' id='word_1_193' title='bbox 826 4152 837 4181; x_wconf 82' lang='lat'><strong>¹</strong></span> <span class='ocrx_word' id='word_1_194' title='bbox 858 4153 1013 4216; x_wconf 73' lang='lat' dir='ltr'><strong>„Meriones</strong></span> <span class='ocrx_word' id='word_1_195' title='bbox 1032 4155 1125 4204; x_wconf 68' lang='lat' dir='ltr'><strong>mileo*</strong></span> <span class='ocrx_word' id='word_1_196' title='bbox 1146 4161 1188 4205; x_wconf 87' lang='lat' dir='ltr'><strong>est</strong></span> <span class='ocrx_word' id='word_1_197' title='bbox 1200 4154 1278 4204; x_wconf 84' lang='lat' dir='ltr'><strong>miles</strong></span> <span class='ocrx_word' id='word_1_198' title='bbox 1297 4155 1508 4221; x_wconf 71' lang='lat' dir='ltr'><strong>crucigerornm3</strong></span> <span class='ocrx_word' id='word_1_199' title='bbox 1530 4153 1664 4219; x_wconf 73' lang='lat' dir='ltr'><strong>„imbuere</strong></span> <span class='ocrx_word' id='word_1_200' title='bbox 1678 4155 1771 4206; x_wconf 79' lang='lat' dir='ltr'><strong>snsee¹¹</strong></span> <span class='ocrx_word' id='word_1_201' title='bbox 1791 4151 1857 4204; x_wconf 79' lang='lat' dir='ltr'><strong>idom</strong></span> 
     </span>
     <span class='ocr_line' id='line_1_32' title="bbox 719 4241 1132 4306; baseline 0.01 -17"><span class='ocrx_word' id='word_1_202' title='bbox 719 4241 794 4291; x_wconf 83' lang='lat' dir='ltr'><strong>valet</strong></span> <span class='ocrx_word' id='word_1_203' title='bbox 812 4247 892 4306; x_wconf 81' lang='lat' dir='ltr'><strong>etque</strong></span> <span class='ocrx_word' id='word_1_204' title='bbox 911 4242 1027 4306; x_wconf 81' lang='lat' dir='ltr'><strong>experiri</strong></span> <span class='ocrx_word' id='word_1_205' title='bbox 1045 4257 1132 4293; x_wconf 84' lang='lat' dir='ltr'><strong>enses.</strong></span> 
     </span>
    </p>

    <p class='ocr_par' dir='ltr' id='par_1_13' title="bbox 825 4324 1856 4396">
     <span class='ocr_line' id='line_1_33' title="bbox 825 4324 1856 4396; baseline 0 -18"><span class='ocrx_word' id='word_1_206' title='bbox 825 4325 889 4378; x_wconf 69' lang='grc' dir='ltr'><strong>ὀι</strong></span> <span class='ocrx_word' id='word_1_207' title='bbox 912 4329 1068 4393; x_wconf 70' lang='lat' dir='ltr'><strong>posterioria</strong></span> <span class='ocrx_word' id='word_1_208' title='bbox 1093 4329 1154 4380; x_wconf 82' lang='lat' dir='ltr'><strong>eorl</strong></span> <span class='ocrx_word' id='word_1_209' title='bbox 1180 4329 1373 4381; x_wconf 78' lang='lat' dir='ltr'><strong>consuetudine</strong></span> <span class='ocrx_word' id='word_1_210' title='bbox 1397 4345 1445 4396; x_wconf 87' lang='lat' dir='ltr'><strong>pro</strong></span> <span class='ocrx_word' id='word_1_211' title='bbox 1468 4329 1577 4394; x_wconf 54' lang='lat' dir='ltr'><strong>‚sousa</strong></span> <span class='ocrx_word' id='word_1_212' title='bbox 1605 4329 1702 4396; x_wconf 69' lang='lat' dir='ltr'><strong>Agitur</strong></span> <span class='ocrx_word' id='word_1_213' title='bbox 1724 4328 1759 4379; x_wconf 87' lang='lat' dir='ltr'><strong>de</strong></span> <span class='ocrx_word' id='word_1_214' title='bbox 1783 4324 1856 4386; x_wconf 78' lang='lat' dir='ltr'><strong>bollo,</strong></span> 
     </span>
    </p>
   </div>
   <div class='ocr_carea' id='block_1_4' title="bbox 625 4414 1703 4483">
    <p class='ocr_par' dir='ltr' id='par_1_14' title="bbox 625 4414 1703 4483">
     <span class='ocr_line' id='line_1_34' title="bbox 625 4414 1703 4483; baseline 0.004 -21"><span class='ocrx_word' id='word_1_215' title='bbox 625 4453 628 4462; x_wconf 34' lang='lat' dir='ltr'><strong>r</strong></span> <span class='ocrx_word' id='word_1_216' title='bbox 712 4430 737 4464; x_wconf 79' lang='lat' dir='ltr'><strong>‚s</strong></span> <span class='ocrx_word' id='word_1_217' title='bbox 755 4415 885 4465; x_wconf 84' lang='lat' dir='ltr'><strong>Guslmiro</strong></span> <span class='ocrx_word' id='word_1_218' title='bbox 903 4415 942 4466; x_wconf 85' lang='lat' dir='ltr'><strong>lv</strong></span> <span class='ocrx_word' id='word_1_219' title='bbox 960 4430 1002 4467; x_wconf 74' lang='lat' dir='ltr'><strong>sa</strong></span> <span class='ocrx_word' id='word_1_220' title='bbox 1024 4414 1204 4469; x_wconf 70' lang='lat' dir='ltr'><strong>ute-1466</strong></span> <span class='ocrx_word' id='word_1_221' title='bbox 1222 4432 1283 4468; x_wconf 86' lang='lat' dir='ltr'><strong>oum</strong></span> <span class='ocrx_word' id='word_1_222' title='bbox 1302 4417 1494 4469; x_wconf 74' lang='lat' dir='ltr'><strong>cruciferorum</strong></span> <span class='ocrx_word' id='word_1_223' title='bbox 1512 4417 1604 4468; x_wconf 79' lang='lat' dir='ltr'><strong>ordine</strong></span> <span class='ocrx_word' id='word_1_224' title='bbox 1619 4423 1703 4483; x_wconf 66' lang='lat' dir='ltr'><strong>gesto.</strong></span> 
     </span>
    </p>
   </div>
   <div class='ocr_carea' id='block_1_5' title="bbox 721 4501 1857 4834">
    <p class='ocr_par' dir='ltr' id='par_1_15' title="bbox 826 4501 1054 4570">
     <span class='ocr_line' id='line_1_35' title="bbox 826 4501 1054 4570; baseline 0.013 -17"><span class='ocrx_word' id='word_1_225' title='bbox 826 4502 837 4532; x_wconf 79' lang='lat'><strong>⁴</strong></span> <span class='ocrx_word' id='word_1_226' title='bbox 856 4501 913 4555; x_wconf 86' lang='lat' dir='ltr'><strong>soil.</strong></span> <span class='ocrx_word' id='word_1_227' title='bbox 932 4503 1054 4570; x_wconf 82' lang='lat' dir='ltr'><strong>polonos.</strong></span> 
     </span>
    </p>

    <p class='ocr_par' dir='ltr' id='par_1_16' title="bbox 829 4590 1295 4660">
     <span class='ocr_line' id='line_1_36' title="bbox 829 4590 1295 4660; baseline 0.009 -18"><span class='ocrx_word' id='word_1_228' title='bbox 829 4590 951 4660; x_wconf 66' lang='lat' dir='ltr'><strong>‘lungun</strong></span> <span class='ocrx_word' id='word_1_229' title='bbox 971 4601 1076 4645; x_wconf 67' lang='lat' dir='ltr'><strong>mutum</strong></span> <span class='ocrx_word' id='word_1_230' title='bbox 1095 4593 1228 4645; x_wconf 80' lang='lat' dir='ltr'><strong>indultum</strong></span> <span class='ocrx_word' id='word_1_231' title='bbox 1246 4603 1295 4646; x_wconf 86' lang='lat' dir='ltr'><strong>oet</strong></span> 
     </span>
    </p>

    <p class='ocr_par' dir='ltr' id='par_1_17' title="bbox 721 4678 1857 4834">
     <span class='ocr_line' id='line_1_37' title="bbox 830 4678 1857 4751; baseline 0.001 -20"><span class='ocrx_word' id='word_1_232' title='bbox 830 4678 1031 4748; x_wconf 73' lang='lat' dir='ltr'><strong>⁰,negebant“</strong></span> <span class='ocrx_word' id='word_1_233' title='bbox 1051 4683 1087 4734; x_wconf 78' lang='lat' dir='ltr'><strong>ad</strong></span> <span class='ocrx_word' id='word_1_234' title='bbox 1105 4699 1214 4736; x_wconf 82' lang='lat' dir='ltr'><strong>sensum</strong></span> <span class='ocrx_word' id='word_1_235' title='bbox 1232 4700 1280 4750; x_wconf 89' lang='lat' dir='ltr'><strong>pro</strong></span> <span class='ocrx_word' id='word_1_236' title='bbox 1301 4684 1451 4751; x_wconf 68' lang='lat' dir='ltr'><strong>,usgebst“</strong></span> <span class='ocrx_word' id='word_1_237' title='bbox 1475 4683 1533 4736; x_wconf 85' lang='lat' dir='ltr'><strong>scil.</strong></span> <span class='ocrx_word' id='word_1_238' title='bbox 1552 4683 1675 4749; x_wconf 85' lang='lat' dir='ltr'><strong>populus,</strong></span> <span class='ocrx_word' id='word_1_239' title='bbox 1697 4683 1743 4750; x_wconf 86' lang='lat' dir='ltr'><strong>qul</strong></span> <span class='ocrx_word' id='word_1_240' title='bbox 1762 4695 1857 4735; x_wconf 85' lang='lat' dir='ltr'><strong>nuncu·</strong></span> 
     </span>
     <span class='ocr_line' id='line_1_38' title="bbox 721 4768 909 4834; baseline 0.011 -13"><span class='ocrx_word' id='word_1_241' title='bbox 721 4775 803 4834; x_wconf 82' lang='lat' dir='ltr'><strong>petar</strong></span> <span class='ocrx_word' id='word_1_242' title='bbox 821 4786 845 4822; x_wconf 83' lang='lat' dir='ltr'><strong>v.</strong></span> <span class='ocrx_word' id='word_1_243' title='bbox 866 4768 909 4823; x_wconf 79' lang='lat'><strong>54.</strong></span> 
     </span>
    </p>
   </div>
   <div class='ocr_carea' id='block_1_6' title="bbox 0 0 2060 5767">
    <p class='ocr_par' dir='ltr' id='par_1_18' title="bbox 0 0 2060 5767">
     <span class='ocr_line' id='line_1_39' title="bbox 0 0 2060 5767; baseline 0 0"><span class='ocrx_word' id='word_1_244' title='bbox 0 0 2060 5767; x_wconf 95' lang='lat' dir='ltr'><strong> </strong></span> 
     </span>
    </p>
   </div>
  </div>
 </body>
</html>
