4109 5767
713 743 895 836 golt-.-
1180 756 1258 792 sassa
1274 755 1370 792 assam

898 827 1021 836 —nn—
1250 825 1614 834 .-—-—-—0--——--——
1654 827 1704 832 .....
1733 825 1855 834 -φ-

817 837 1632 848 ο-σ--σ--α--ι--ῄη--ιι--ι-*ι-
1638 837 1856 847 »manau—nn·-

907 951 964 1018 Dii
987 950 1125 1016 meliora
1148 959 1256 1014 temen
1279 987 1324 998 -
1347 948 1519 1038 dulcisque
1539 949 1718 1037 polonicus,
1741 949 1829 1015 unde

739 1080 786 1124 so.
815 1043 934 1123 Nostra
958 1055 1048 1122 salas
1071 1076 1201 1143 semper
1223 1054 1328 1120 inulta
1350 1076 1425 1120 cum
1449 1075 1531 1143 pace
1553 1055 1715 1143 pependit,

820 1163 963 1230 Indulsit
985 1162 1081 1230 nobis
1104 1163 1249 1250 sanguis,
1272 1184 1454 1249 casuraque
1476 1162 1580 1228 iustas

818 1273 948 1338 Moenia
971 1293 1030 1360 per
1052 1293 1173 1360 poenas
1197 1269 1353 1338 subiectis
1377 1270 1509 1337 sustulit
1532 1268 1627 1336 ulnis.

819 1380 890 1446 Nec
913 1380 993 1445 setis
1016 1378 1098 1445 hace
1120 1378 1236 1445 habuit
1259 1379 1367 1444 sancti
1390 1376 1563 1444 clementia
1586 1380 1674 1466 mgis

821 1487 963 1574 Augusti
988 1485 1068 1550 mihi
1093 1507 1231 1550 casurae
1255 1496 1429 1573 praestare,
1454 1484 1511 1550 sed
1535 1507 1667 1571 aegram

741 1616 788 1659 se.
819 1593 1083 1678 Quassatamqne
1106 1590 1163 1656 diu
1186 1591 1340 1656 fundavit
1364 1591 1493 1678 legibus
1515 1593 1636 1678 aequis.

820 1699 954 1787 Legatis
977 1721 1062 1786 quac
1085 1719 1166 1765 cure
1189 1697 1261 1784 fuit,
1285 1697 1461 1786 prudentia
1483 1719 1618 1786 qnorum
1643 1708 1701 1772 est,

822 1810 953 1890 (Quanto
976 1806 1105 1874 Solonis
1128 1815 1200 1872 erat
1222 1805 1387 1894 quondum
1410 1829 1467 1872 eeu
1491 1815 1614 1895 quanta
1637 1806 1795 1895 intelligi,

822 1917 890 1980 Aut
913 1915 977 1981 fuit
1000 1914 1136 1980 alterins
1148 1920 1167 2002 ¹,
1190 1915 1299 2003 priseo
1323 1915 1378 2002 qui
1401 1913 1522 1981 claruit
1544 1937 1635 1981 aevo.

914 2024 993 2090 Iura
1017 2022 1201 2091 Stanislaas
1224 2024 1344 2088 nostris
1367 2021 1572 2090 (larncovius
1594 2023 1662 2088 aris

741 2157 789 2198 se.
819 2134 967 2198 Antiates
990 2130 1089 2197 datus
1112 2142 1233 2219 etqua
1256 2155 1291 2197 se
1314 2133 1453 2198 Ouiavia
1476 2131 1593 2217 fundit,

822 2240 945 2307 Sancte
967 2237 1068 2303 dabat
1091 2237 1213 2324 sollers,
1237 2238 1315 2305 iusti
1338 2239 1528 2305 observator
1551 2248 1583 2304 et
1605 2241 1710 2326 aequi,

823 2344 919 2412 Flore
942 2345 1015 2412 aevi
1038 2344 1144 2433 primo
1166 2346 1232 2432 qui,
1255 2345 1480 2433 Papinianus‘
1502 2355 1537 2410 nt
1560 2345 1651 2431 alter,

824 2455 993 2520 Musarum
1019 2452 1127 2518 altrici
1152 2452 1242 2519 clara
1265 2477 1308 2518 cx
1330 2453 1507 2519 Antenoris
1531 2454 1635 2518 urbe⁸

823 2561 906 2629 Cum
930 2582 1059 2625 summa
1081 2560 1115 2625 in
1138 2561 1277 2648 patriam
1301 2560 1484 2626 studiorum
1508 2560 1605 2626 laude
1628 2561 1770 2626 revertit..

743 2693 792 2737 st.
821 2669 997 2734 Proximus
1020 2667 1098 2733 huic
1121 2679 1271 2757 prompto
1293 2678 1326 2734 ct
1349 2666 1445 2734 doctu
1467 2669 1656 2736 Siracovins
1680 2691 1744 2751 oio,

824 2778 863 2842 In
887 2777 982 2842 cuins
1005 2775 1108 2841 labris
1132 2775 1243 2840 sedem
1267 2775 1330 2841 sibi
1355 2775 1466 2843 Suada
1489 2775 1619 2863 locavit,

823 2882 885 2947 Ille
908 2882 1081 2970 palatinas,
1104 2903 1168 2969 qao
1191 2905 1226 2946 ee
1248 2881 1407 2947 Lancieia
1429 2884 1537 2947 iactet

824 2987 955 3053 Kostka
979 2987 1055 3052 (lein
1079 2992 1196 3072 noster,
1220 2989 1289 3073 regi
1312 2987 1491 3052 fidissimus
1515 3010 1609 3073 unus,

825 3093 883 3160 si⁴
906 3093 970 3157 init
993 3092 1027 3156 in
1050 3093 1190 3177 Pansam,
1213 3114 1277 3179 qno
1300 3114 1396 3158 nemo
1419 3093 1569 3179 sagacior
1592 3091 1673 3157 altci·

744 3222 792 3264 ee.
823 3197 942 3265 Incolit
965 3197 1024 3262 lias
1048 3209 1162 3282 terras,
1186 3209 1234 3263 est
1258 3210 1315 3263 aut
1339 3199 1539 3264 constantior
1561 3198 1651 3264 alter.

826 3305 905 3370 Mox
926 3302 1068 3370 Firleius
1091 3313 1169 3387 erat,
1193 3302 1342 3391 placidae
1365 3327 1460 3392 qnam
1483 3306 1591 3391 gratia
1613 3305 1754 3391 linguae,

827 3411 920 3478 Recti
944 3433 1036 3478 amor
1058 3422 1091 3477 et
1114 3412 1194 3498 veri,
1217 3412 1451 3501 ingeniumque
1474 3412 1601 3479 extollit
1623 3435 1805 3500 cancamum,

827 3521 1030 3590 Instructam
1054 3522 1145 3588 scitis
1167 3521 1415 3613 priscorumque
1437 3533 1506 3590 arte
1529 3522 1712 3613 sophorum.

826 3635 1070 3722 Supremusque
1092 3631 1173 3720 loco,
1197 3633 1255 3699 sed
1279 3656 1344 3699 non
1367 3634 1487 3724 pietate
1511 3656 1691 3724 supremus,

747 3766 795 3810 ee.
826 3743 1047 3832 Wyssocius⁶
1068 3742 1167 3808 (lictis
1190 3765 1260 3808 sese
1283 3743 1485 3829 adiungebat
1507 3745 1631 3808 aulicis.

829 3853 979 3936 Augusto
1001 3848 1097 3914 nobis
1120 3848 1210 3936 leges
1232 3849 1265 3914 hi
1290 3871 1368 3936 rege
1390 3848 1544 3935 tulerunt,

829 3957 919 4043 Rege
942 3955 1062 4021 deinde
1085 3957 1156 4043 ipso
1179 3967 1310 4042 totoque
1332 3956 1490 4043 probante
1513 3967 1637 4041 senatu,
1663 3995 1704 4006 -

724 4120 814 4130 ..η-,η
825 4121 836 4125 .-
849 4119 930 4126 ..—

832 4205 838 4234 ¹
858 4203 985 4255 Mendum
1004 4204 1106 4254 alicubi
1125 4203 1283 4255 delitescere
1302 4206 1416 4256 uidetur.

831 4289 841 4320 ¹
860 4291 990 4342 Aemilius
1008 4291 1184 4355 Papinianus,
1203 4291 1249 4356 qni
1268 4293 1320 4342 init
1339 4292 1467 4358 septimo
1486 4295 1584 4342 severo
1603 4293 1759 4356 imperante,
1781 4291 1866 4342 adnu-

724 4387 842 4432 merstur
860 4378 1018 4431 clarissimis
1037 4380 1218 4430 Romanorum
1236 4379 1433 4432 iureconsultis.

832 4467 897 4520 ”ac
917 4467 1039 4518 l'utuvio.

831 4558 986 4608 *Fortasse
1007 4558 1086 4623 „oui“
1106 4557 1248 4625 legendum
1268 4567 1316 4610 est,
1339 4561 1463 4610 Ceterum
1482 4559 1552 4610 mati.
1573 4558 1653 4610 lectio
1671 4557 1740 4610 hauc
1759 4563 1865 4610 senten·

725 4650 789 4702 tiam
808 4648 944 4700 involvere
963 4648 1080 4700 videtur:
1109 4649 1147 4714 „si
1166 4649 1226 4716 qnia
1252 4650 1304 4701 init
1327 4650 1352 4700 in
1375 4650 1477 4700 l'rosais
1497 4650 1552 4714 regi
1572 4648 1724 4715 fisliesimna,
1750 4649 1772 4701 iu
1797 4665 1866 4700 uuus

727 4743 757 4794 li.
777 4742 861 4792 erat“.

833 4828 909 4881 '‘ms.
930 4830 1075 4882 Vissocius.
