4109 5767
1041 317 1174 383 290
2001 328 2155 364 rit-rm
2194 327 2370 363 noran

2138 604 2229 670 11.

1253 732 1570 799 Romulus
1617 741 1919 798 aeternae
1962 730 2075 818 qui
2121 730 2380 796 moenia
2426 728 2719 796 condidit
2765 728 2964 817 urbis,

1359 841 1564 907 Ferre
1612 840 1769 906 novi
1816 838 2068 905 socium
2113 839 2376 905 nescius
2420 838 2699 928 imperii,

1255 950 1348 1016 Ut
1393 948 1571 1016 solus
1618 959 1953 1038 sceptrum
1996 958 2063 1014 et
2106 947 2294 1036 regni
2340 946 2712 1014 moderetur
2753 945 3066 1034 habenas,

1363 1059 1662 1153 Fratrem
1710 1055 1961 1123 crudeli
2008 1056 2274 1122 sustulit
2319 1078 2473 1123 ense
2518 1055 2815 1123 Remum.

1137 1189 1190 1233 5.
1251 1164 1585 1232 Romuleis
1633 1163 1928 1230 sedenim
1976 1163 2239 1232 Oaraffa
2285 1165 2634 1230 immanior
2677 1163 2874 1251 ausis,

1363 1271 1721 1338 Pulchrum
1769 1283 1842 1337 ut
1885 1269 2330 1359 Parthenopes
2354 1276 2377 1314 ¹
2421 1281 2694 1358 occupet
2741 1270 3100 1358 imperium,

1256 1378 1511 1444 Bellum
1557 1378 1759 1444 infert
1803 1387 1958 1444 nato
2001 1378 2142 1465 regi
2192 1375 2456 1444 crudele
2500 1376 2804 1465 Philippo
2826 1382 2866 1463 ²,

1366 1485 1634 1553 Scilicet
1680 1495 1750 1551 ut
1771 1488 1797 1529 ⁸
1843 1484 2054 1551 sancti
2102 1485 2367 1550 nomina
2409 1484 2614 1573 patris
2659 1494 2851 1550 amet.

2126 1677 2250 1743 III.

1260 1803 1505 1870 Omnes
1552 1814 1617 1869 te
1661 1812 1888 1890 gentes
1935 1811 2253 1888 sanctum,
2299 1801 2576 1886 Oaraffa,
2623 1824 2935 1867 vocamus

1367 1910 1454 1976 Et
1498 1919 1777 1998 patrem3
1824 1909 1893 1972 in
1943 1918 2128 1974 natos
2174 1918 2246 1972 tu
2293 1920 2512 1973 tamen
2560 1931 2747 1974 arma
2792 1909 2991 1995 capis.

1262 2017 1417 2104 Hui,
1462 2016 1760 2104 gaudens
1804 2014 1978 2083 bcllo
2025 2027 2090 2081 ct
2136 2025 2439 2083 natorum
2486 2017 2825 2104 sanguine,
2872 2024 3138 2081 sanctus

1366 2124 1691 2193 Omnibus
1742 2123 1931 2211 undo,
1982 2146 2157 2211 rogo,
2200 2123 2550 2211 gentibus?
2597 2122 2772 2189 unde
2818 2123 3086 2213 pater?⁴

2133 2354 2250 2424 IV.

1669 2517 1750 2582 In
1810 2517 2189 2583 PAULUM
2243 2516 2709 2598 QUARTUM.

1259 2659 1622 2725 Terrebant
1667 2658 1781 2725 alii
1826 2659 2100 2748 populos
2147 2659 2559 2726 anathemate
2605 2680 2831 2747 papae,

1356 2768 1460 2831 Tu
1505 2767 1743 2832 Turcis
1765 2771 1815 2850 ⁶3
1860 2766 1985 2834 hoc
2032 2776 2147 2852 est,
2194 2765 2416 2852 Paule,
2461 2765 2809 2831 anathema
2853 2775 3057 2831 tuum.

1265 2872 1532 2939 Scilicet
1577 2872 1740 2939 haec
1786 2896 2027 2960 magna
2073 2882 2173 2938 est
2218 2873 2423 2961 patris
2468 2872 2899 2959 indulgentia,
2942 2872 3177 2937 Turcis

1369 2979 1502 3061 Qui
1551 2981 1761 3048 mavis
1807 2980 2105 3047 homines
2152 2980 2429 3068 tradere,
2475 3003 2671 3068 quam
2718 2992 3002 3048 satanae.

1270 3160 1285 3189 ¹
1324 3161 1594 3226 Neapolis.

1269 3247 1289 3278 ³
1328 3250 1577 3316 Philippo
1618 3252 1687 3316 ΙΙ,
1739 3249 1918 3302 Caroli
1956 3250 2005 3301 V
2041 3249 2171 3315 filio,
2221 3250 2483 3302 ecclesiae
2527 3250 2830 3303 catholicae
2877 3249 3106 3301 fideliter
3142 3249 3339 3301 dedito.

1270 3336 1291 3366 ⁸
1327 3340 1471 3390 Muti.
1514 3340 1653 3403 „et“.

1264 3426 1286 3456 ⁴
1325 3428 1394 3478 Et
1433 3428 1732 3494 Hispaniae
1770 3429 1998 3495 patriae,
2035 3436 2225 3481 contra
2261 3445 2422 3496 quam
2459 3428 2662 3481 Paulus
2701 3429 2779 3480 IV
2813 3427 3015 3480 bellum
3053 3428 3237 3495 gessit,
3289 3433 3344 3480 ot

1052 3518 1251 3584 Bonae,
1287 3518 1509 3585 reginae
1546 3519 1884 3584 l’olouorum‚
1922 3535 2060 3586 quae
2099 3519 2407 3586 Philippum
2443 3521 2496 3571 11
2534 3527 2724 3572 contra
2754 3518 2983 3570 Paulum
3013 3520 3088 3570 1v
3114 3518 3345 3586 pecunia

1054 3608 1279 3673 adiuvit,
1328 3608 1509 3658 studia
1558 3608 1692 3660 adeo
1739 3609 2201 3660 exacerbaverunt
2252 3609 2527 3675 Royzium,
2578 3616 2639 3660 ut
2685 3608 2902 3659 debitae
2952 3609 3194 3675 aliasque
3236 3608 3342 3659 sibi

1051 3697 1300 3762 propriae
1336 3697 1671 3748 reverentiae
1719 3698 1779 3748 in
1825 3697 2132 3763 pontificem
2181 3698 2473 3749 maximum
2509 3696 2709 3748 oblitus
2747 3697 3078 3749 carminibus
3127 3698 3183 3747 in
3221 3712 3343 3748 eum

1051 3786 1411 3838 inveheretur.
1473 3786 1623 3837 Adde
1661 3787 1801 3854 quod
1850 3794 1984 3839 teste
2023 3788 2214 3839 Rescio
2261 3788 2316 3837 in
2356 3788 2484 3838 Vita
2523 3788 2678 3838 Hosii
2714 3802 2761 3839 c.
2799 3787 2957 3838 XXII
2993 3787 3082 3838 fin.
3126 3786 3344 3853 pervul-

1054 3882 1186 3943 gata
1207 3883 1336 3926 -tum
1374 3884 1491 3927 erat
1540 3876 1596 3926 in
1634 3876 1862 3928 Polonia
1897 3877 2077 3944 opinio
2127 3892 2161 3928 a
2198 3876 2364 3928 Paulo
2403 3876 2616 3945 neglegi
2654 3876 2941 3929 ecclesiam
2987 3892 3118 3942 prae
3154 3875 3345 3927 studiis

1053 3965 1365 4017 divitiarum
1401 3966 1770 4035 bellorumque
1811 3968 2230 4020 excitandorum.

1270 4056 1293 4086 ⁶
1329 4059 1391 4109 In
1427 4058 1570 4110 bello
1611 4066 1801 4111 contra
1827 4058 2077 4110 Carolum
2116 4060 2162 4110 V
2201 4058 2420 4125 eiusque
2457 4057 2626 4110 filium
2664 4057 2971 4125 Philippum
2996 4058 3051 4109 11
3088 4073 3199 4109 una
3222 4073 3346 4110 cum

1055 4148 1291 4201 Hem-ico
1332 4151 1400 4214 ΙΙ,
1438 4149 1771 4201 Francorum
1809 4165 1933 4216 rego
1972 4157 2219 4216 suscepto
2256 4148 2655 4218 (1555-1557)
2692 4148 2893 4200 Paulus
2931 4149 3026 4211 IV,
3063 4164 3183 4201 cum
3221 4164 3346 4199 suos

1056 4239 1298 4303 superari
1335 4238 1558 4304 videret,
1598 4238 1966 4290 Suleimanum
2004 4239 2046 4303 Ι,
2085 4240 2380 4291 'furcarum
2419 4239 2795 4305 imperatorem
2831 4238 2902 4289 ad
2939 4237 3181 4290 Siciliam
3217 4252 3347 4288 nea-

1054 4326 1457 4392 politanumque
1494 4343 1718 4395 regnum
1758 4327 2118 4378 invadundum
2146 4343 2456 4393 permovere
2481 4330 2782 4380 conabatur
2806 4327 3034 4396 (Ranko,
3061 4328 3162 4379 Die
3182 4341 3346 4378 roem.

1056 4418 1284 4477 Paepste
1321 4416 1363 4479 1,
1403 4417 1540 4468 Berl.
1587 4416 1744 4480 1838,
1782 4433 1870 4483 με.
1908 4416 2049 4485 301).
