4109 5767
1110 787 1186 822 rurs!
1206 785 1293 822 Romi

743 978 843 1044 Hune
865 999 954 1043 nunc
976 975 1134 1064 impavidi
1157 974 1271 1044 bravia
1293 977 1380 1042 iutra
1403 976 1531 1042 moenia
1553 975 1643 1042 cives

744 1085 963 1152 Contemnunt
985 1106 1159 1174 coramque
1182 1083 1303 1150 audent
1326 1084 1436 1150 excire
1458 1082 1625 1150 tumultus.

637 1213 708 1258 sao.
738 1192 791 1278 Et,
813 1191 898 1281 quod
921 1192 1013 1258 triste
1035 1191 1140 1279 magis
1162 1190 1315 1280 quodque
1336 1189 1468 1257 exitiale
1487 1200 1637 1281 tyranno,

742 1300 926 1367 Concilium
947 1321 1097 1387 proceres
1120 1300 1245 1388 agitant
1267 1299 1438 1384 omnisque
1461 1307 1602 1384 senatus,

742 1409 867 1474 Ponere
889 1406 1014 1495 regales
1038 1407 1143 1474 faeces
1165 1416 1197 1473 ct
1221 1417 1349 1495 sceptra
1371 1417 1543 1494 negantem

743 1514 807 1582 Seu
829 1513 967 1602 perdant
991 1514 1087 1600 ferro,
1109 1536 1167 1580 seu
1190 1525 1323 1601 captum
1345 1515 1380 1580 in
1402 1512 1536 1581 vincula
1558 1511 1689 1578 ducant

741 1619 766 1684 F
770 1641 840 1685 erre
863 1619 1003 1686 Boleslai
1025 1620 1093 1684 iam
1115 1619 1241 1685 dudum
1262 1619 1345 1686 dura
1368 1620 1546 1708 nequibant

636 1745 708 1790 ssu.
738 1725 880 1812 Imperia
901 1725 992 1790 exosi
1014 1733 1047 1790 at
1070 1724 1169 1791 nullis
1190 1725 1358 1792 tolerabile
1377 1748 1523 1813 reguum

738 1831 813 1895 Non
836 1829 898 1896 hoc
920 1830 1046 1918 grande
1066 1829 1190 1896 malum
1213 1832 1276 1897 diri
1299 1832 1417 1898 crinita
1440 1841 1584 1898 cometae

739 1935 909 2002 Pracluxit
931 1937 990 2001 fax
1013 1935 1089 2021 ulla,
1112 1937 1199 2002 leves
1219 1959 1303 2025 quae
1326 1937 1433 2003 sidera
1456 1949 1546 2003 vatos

740 2042 880 2108 Conscia
902 2043 1044 2109 fatorum
1067 2042 1190 2131 dicunt,
1213 2065 1375 2130 casusque
1398 2043 1533 2130 futuros,

740 2148 929 2236 Regnorum
950 2149 1082 2216 excidia
1104 2161 1136 2216 ct
1158 2172 1272 2238 regum
1295 2149 1488 2239 portendere
1510 2149 1600 2216 caelo

635 2275 708 2320 sao.
741 2255 922 2346 Oladeeque
944 2267 1141 2344 stragesque,
1165 2267 1261 2346 atque
1284 2256 1459 2322 illaetabile
1481 2255 1603 2322 bellum
1615 2258 1634 2321 ¹.

830 2365 919 2453 Ergo
941 2364 998 2431 ubi
1021 2387 1057 2432 sc
1078 2365 1183 2453 primo
1205 2366 1306 2432 sensit
1328 2388 1457 2432 rumore
1479 2365 1615 2454 petitum

741 2471 884 2560 Insidiis,
907 2472 1054 2539 cecidero
1077 2473 1187 2560 animi,
1209 2496 1271 2540 noc
1293 2475 1425 2540 conscia
1447 2474 1529 2540 tanti

739 2579 833 2646 Mons
855 2579 987 2647 scolaris
1010 2580 1106 2669 stetit,
1130 2583 1253 2650 invicto
1274 2604 1339 2648 non
1362 2593 1491 2671 pectore
1515 2580 1628 2648 virtus.

741 2685 830 2769 Quid
853 2689 954 2756 iaciat
976 2712 1035 2755 rcx
1059 2690 1184 2778 infelix,
1207 2691 1260 2757 cui
1285 2692 1375 2780 rogia
1398 2713 1462 2758 nou
1485 2701 1534 2757 cst

634 2816 708 2861 sss.
738 2796 824 2861 'l’uta
847 2806 897 2862 sat
919 2798 1011 2864 iratis
1035 2796 1205 2886 putribus?
1229 2798 1385 2864 subcatnc
1407 2798 1588 2888 periclum?

739 2901 869 2987 Cogitat
891 2904 1026 2968 instanti
1050 2925 1120 2969 sasc
1143 2904 1326 2970 subducere
1348 2905 1415 2970 fato

738 3005 873 3071 Molitur
893 3009 1093 3090 tacitamque
1116 3007 1239 3093 fugam,
1263 3030 1429 3094 regnoque
1451 3008 1564 3074 relicto

739 3111 823 3177 Cum
846 3133 948 3196 parvo
970 3121 1060 3176 ratus
1083 3111 1235 3177 exsilium
1259 3113 1321 3177 aibi
1344 3134 1499 3198 quaerore
1522 3123 1607 3197 nato,

738 3215 942 3280 Pannoniam
965 3217 1054 3282 venit
1078 3239 1252 3304 regemque
1274 3217 1389 3304 petivit
1411 3218 1563 3304 amicum,

635 3341 707 3387 sco.
738 3322 888 3388 Eiectum
909 3345 1010 3411 rcguo
1034 3345 1131 3408 quom
1155 3323 1318 3413 quondam
1342 3325 1376 3389 in
1401 3333 1528 3413 secptra
1550 3322 1689 3389 rcdrrxit.

739 3429 814 3497 Illic
837 3455 902 3497 non
925 3455 1051 3520 aurum,
1074 3456 1139 3499 uon
1162 3433 1230 3499 illio
1252 3434 1343 3522 rogia
1364 3456 1455 3522 gum,

739 3539 812 3605 Non
837 3541 993 3608 structivc
1015 3543 1087 3631 tori,
1111 3566 1175 3609 uon
1199 3543 1265 3610 alta
1287 3542 1409 3632 palatia
1431 3541 1561 3610 desunt:

739 3647 800 3714 Ille
822 3649 919 3715 modo
941 3661 1106 3738 exposcat,
1129 3675 1194 3717 non
1218 3651 1285 3717 ulla
1307 3661 1426 3739 negata
1446 3650 1605 3739 voluptas.

831 3756 896 3823 Hic
918 3758 1070 3844 primum,
1093 3758 1224 3824 sceleris
1247 3760 1379 3825 memori
1404 3781 1480 3824 cum
1503 3779 1601 3824 sueva
1624 3757 1780 3846 quierunt

634 3882 705 3928 aaa.
735 3861 843 3928 Corda
865 3862 1022 3952 Bolcalao,
1045 3866 1214 3952 passimque
1236 3866 1352 3932 insana
1375 3867 1483 3932 farrorc

739 3971 890 4036 llxccssit
913 3971 1020 4039 rabios
1043 3973 1384 4062 ot1u·istinarcdditu
1407 3997 1498 4041 tutans
1520 3983 1579 4061 ost,

736 4076 841 4142 Multa
863 4101 997 4144 movens
1019 4081 1128 4145 animo
1151 4080 1281 4146 turbato
1303 4093 1431 4168 poctoro
1454 4082 1555 4146 sutus:

739 4183 834 4267 „Heu
857 4183 967 4270 quid‘l,
990 4186 1044 4271 ait,
1069 4186 1177 4272 „volui
1201 4187 1320 4252 miser?
1344 4196 1400 4251 aut
1423 4187 1496 4274 quis
1519 4185 1648 4274 impulit
1664 4185 1778 4251 error?

738 4287 895 4354 Sanctum
916 4291 1103 4376 pontificem
1126 4291 1239 4357 divum
1263 4291 1438 4358 sceleratus
1463 4292 1504 4357 od
1529 4314 1602 4357 aras

631 4415 703 4460 eso.
735 4393 902 4482 Sacrilego
924 4396 1030 4462 occidi
1054 4396 1179 4485 dextra,
1203 4421 1383 4489 corpusque
1406 4409 1570 4464 sacratum

738 4659 748 4689 ¹
768 4661 815 4712 Utl
833 4659 939 4715 ridetur
957 4661 1022 4715 data
1041 4665 1190 4730 occulens,
1208 4673 1239 4717 ut
1257 4665 1413 4733 astrologos.
1432 4681 1498 4733 quos
1511 4681 1594 4718 ranas
1608 4664 1778 4732 fallacesque

627 4760 688 4799 esse
705 4747 798 4799 multis
816 4749 883 4802 locis
900 4752 1117 4818 carminibusque
1136 4753 1345 4822 demonstrabat,
1370 4755 1452 4805 stiam
1471 4753 1522 4806 boc
1541 4754 1598 4806 loco
1621 4753 1778 4806 rationibus

629 4834 707 4887 salsis
724 4837 775 4887 ulti
794 4837 922 4892 declaret.
