4109 5767
877 668 1043 706 srasrsuas.
1476 656 1520 723 13

574 859 638 927 Hie
661 883 789 949 quoque
812 883 944 929 eernere
965 872 1035 929 erat
1058 861 1192 951 populos
1215 863 1404 931 discrimine
1425 864 1517 932 nullo

483 967 546 1054 Ire,
567 967 645 1056 iuge
666 977 840 1056 postquam
862 991 1001 1036 excusse
1024 992 1174 1056 sprevere
1196 979 1382 1061 tyrannum.

482 1072 613 1162 Vulgus
635 1072 799 1140 honoratis
822 1076 1063 1163 eemmixtaque
1085 1074 1213 1142 eivibus
1236 1077 1261 1141 it
1284 1076 1384 1164 plebs.

484 1178 560 1245 Non
582 1178 750 1245 dominum
771 1179 925 1267 glandem
947 1184 1104 1247 ruetans¹
1127 1183 1273 1270 agnoseit
1297 1182 1434 1270 agrestis

380 1305 452 1350 aaa.
482 1284 637 1350 Armatus
660 1283 742 1350 sude
764 1287 896 1367 ferrata3
921 1308 985 1351 nou
1007 1286 1131 1352 vertiee
1153 1286 1242 1352 nudo

484 1388 590 1456 cerdo
612 1390 839 1478 magistratum
862 1392 1040 1480 meritoque
1063 1393 1181 1458 affatur
1201 1391 1332 1478 honam,

484 1493 611 1562 (lunata
632 1518 740 1582 ruens,
763 1497 834 1564 sine
857 1520 946 1564 more
968 1498 1048 1563 furit
1071 1498 1195 1564 laseiva
1217 1498 1379 1565 inventus.

484 1600 584 1666 Nulla
605 1601 660 1668 olli
683 1612 734 1668 sat
756 1602 869 1670 elausa
891 1604 1020 1687 dornus3
1044 1627 1108 1671 uon
1132 1603 1279 1670 vectibus
1304 1603 1379 1670 ullis

485 1707 690 1776 Defensaeve
713 1732 815 1776 nurus
838 1721 988 1778 eastaeve
1010 1711 1102 1778 fuere
1124 1710 1258 1799 puellae

382 1832 453 1878 aaa.
484 1811 616 1880 Scilicet
637 1815 822 1904 irrumpunt
844 1840 982 1905 magnae
1004 1818 1039 1882 in
1062 1817 1240 1906 penetralia
1262 1817 1394 1903 Vestae

485 1917 629 1986 Intaetas
651 1920 810 1988 thalamos
833 1932 865 1989 et
887 1944 996 1990 saeros
1020 1922 1072 1988 dis
1095 1922 1294 2013 hymenaeos

487 2023 570 2090 Ausi
592 2026 746 2116 polluere,
767 2034 1048 2118 ausanetumque¹
1070 2030 1198 2096 auferre
1219 2029 1385 2118 pudorem.

486 2131 666 2201 Aeeiuetus
689 2135 776 2202 farre
797 2159 921 2226 pauper
941 2135 1112 2226 locupletis
1134 2137 1169 2202 iu
1191 2135 1288 2204 aedes

487 2237 597 2306 Currit
619 2239 715 2308 hians
737 2243 878 2331 praedae
899 2267 1081 2333 gazamque
1103 2243 1220 2332 fatigat
1242 2243 1343 2309 avari.

384 2364 454 2410 aaa.
485 2345 675 2435 Importuna
698 2349 824 2415 animes
847 2350 1007 2417 mendieis
1030 2349 1121 2416 addit
1144 2359 1279 2438 egestas.

488 2451 545 2518 Ias
567 2464 637 2520 erat
659 2455 694 2521 in
717 2455 844 2523 dextras
869 2480 934 2542 quo
957 2458 1020 2524 fert
1043 2479 1103 2523 saa
1125 2477 1286 2544 quemque
1308 2453 1419 2544 libido,

488 2559 644 2647 Irrumpit
667 2561 812 2645 demens3
836 2585 952 2651 eampo
973 2572 1141 2650 grassatur
1163 2571 1273 2649 aperte

489 2661 631 2730 Seeurm
653 2664 735 2731 latre
756 2689 935 2754 poenarum
957 2677 990 2734 et
1012 2668 1152 2733 eareeris
1175 2666 1245 2730 atri.

489 2765 564 2847 Qua
586 2770 648 2834 fert
671 2791 810 2860 eumque
832 2771 957 2860 pedem,
980 2772 1119 2860 trepidat
1141 2793 1217 2837 eum
1240 2770 1329 2836 fasae
1351 2769 1458 2835 viator

386 2893 457 2939 aas.
487 2873 740 2968 Praetentasque
761 2880 846 2946 notis
867 2877 1058 2948 ludentibus
1080 2887 1219 2968 expavet
1241 2876 1383 2964 umbras,

490 2982 692 3053 Praedonem
714 2996 860 3055 metuens
884 3010 974 3055 rame
996 2986 1124 3054 latitare
1146 2983 1206 3052 sub
1230 2985 1326 3053 omni.

490 3092 565 3160 Non
587 3103 715 3162 noetem
738 3096 827 3163 aives
849 3095 980 3164 horrent
1002 3095 1216 3186 tenebrasque
1238 3103 1381 3162 ruentes:

491 3200 582 3268 Luee
604 3201 716 3270 furens
737 3204 845 3271 media
867 3206 979 3273 stricta
1000 3206 1137 3272 siearius
1158 3227 1235 3271 ease

490 3307 599 3373 Irruut
620 3319 718 3397 atque
739 3310 848 3399 palam
868 3334 1096 3399 quameunque
1118 3311 1251 3399 impune
1269 3307 1418 3376 trucidet

387 3431 456 3476 aaa.
486 3412 561 3478 Nou
583 3413 663 3501 fora,
685 3437 751 3481 neu
772 3416 871 3504 leges,
893 3439 959 3482 uon
977 3416 1096 3483 iudicis
1118 3438 1176 3482 ora
1198 3415 1311 3501 severi,

490 3518 565 3584 Non
587 3519 647 3584 ulli
669 3521 775 3588 fasees
797 3531 999 3588 metuuntur:
1020 3522 1056 3586 vi
1078 3521 1203 3609 geritur
1223 3541 1284 3586 res.

580 3625 649 3692 Has
671 3637 787 3716 motus,
809 3651 890 3717 quos
912 3628 982 3716 ipse
1005 3627 1099 3694 malis
1122 3627 1289 3694 exeiverat
1312 3625 1410 3712 ausis,

490 3733 578 3800 Aree
599 3735 768 3802 Boleslaus
790 3737 1006 3824 nequiequam
1030 3744 1153 3823 speetat
1176 3732 1217 3800 ab
1241 3732 1308 3800 alta

491 3838 535 3904 Et
556 3850 684 3926 spretus
704 3862 792 3906 vana
814 3842 884 3907 siue
906 3840 1032 3906 viribus
1056 3848 1181 3906 aestuat
1203 3839 1260 3905 ira

387 3961 459 4007 aas.
489 3941 555 4023 Qui
577 3943 674 4010 modo
696 3945 891 4012 Sanuatiam
913 3945 978 4010 late
999 3945 1224 4010 tremeieeerat
1246 3965 1384 4028 emnem,

492 4048 535 4113 Et
557 4048 655 4115 fortes
678 4051 815 4138 seraptis
837 4048 978 4116 terrebat
1000 4049 1164 4116 Teutonas
1186 4049 1286 4116 armis

492 4155 647 4244 Arvaque
668 4179 815 4246 possesso
836 4165 958 4246 septem
981 4155 1128 4224 subieeta
1150 4155 1256 4244 trioni,

494 4441 504 4472 ¹
521 4443 640 4496 arear·
657 4443 751 4496 eriora
769 4443 877 4496 notiam
894 4450 976 4510 atque
993 4441 1073 4496 edero
1091 4439 1269 4495 aeclesiastici
1288 4439 1393 4494 demum
1414 4439 1528 4509 serieta-

387 4547 430 4586 τοι
447 4541 655 4602 mutuaverunt.

494 4619 568 4677 'ste
585 4622 614 4674 in
632 4629 746 4690 uaeque
766 4621 891 4675 editions.
918 4621 1011 4675 Faeils
1036 4621 1112 4690 potui
1136 4621 1278 4690 corrigere,
1302 4620 1325 4672 si
1350 4618 1527 4690 sessanum:

389 4709 467 4779 ‚hau
484 4715 686 4779 meumque&
