4109 5767
660 735 865 774 muamus«
881 737 1034 774 memoror
1052 737 1074 773 n
1092 737 1125 773 ιτ
1143 735 1274 773 mesre
1500 719 1549 786 45

726 1227 1224 1302 EPITHALAMION.

510 1431 572 1500 Ille
593 1455 654 1520 ego
676 1431 847 1498 sollemnes
870 1431 925 1519 qui
949 1453 1053 1518 nuper
1074 1428 1207 1496 dioere¹
1228 1453 1362 1518 pompas

511 1539 706 1628 Magnorum
728 1560 843 1626 regum
865 1560 1039 1626 eggressus
1061 1537 1263 1626 properentis
1285 1535 1327 1604 ab
1350 1537 1435 1604 Istro

510 1646 659 1734 Virginis
681 1655 839 1735 augustae
861 1645 1048 1729 adventum,
1071 1643 1220 1732 regisque
1242 1643 1350 1734 poloni

511 1752 704 1842 Oooursum,
726 1751 974 1842 squalentesque
995 1774 1076 1818 auro
1097 1749 1176 1818 hine
1198 1749 1275 1817 inde
1297 1757 1446 1817 catervas

452 1881 480 1927 s.
509 1860 667 1950 Aequetie
689 1861 839 1927 recinens
861 1859 975 1948 spatiis
997 1867 1030 1925 et
1053 1857 1197 1926 carmine
1219 1857 1302 1924 dixi:

511 1967 609 2033 Nune
632 1965 795 2034 oelebrsta
816 1989 899 2034 oeno
921 1965 1015 2033 laetis
1038 1965 1212 2056 hymeneia
1233 1965 1334 2051 festis,

512 2071 656 2138 Felieem
678 2071 857 2141 adventum
879 2094 1116 2160 ooeursumque
1139 2080 1251 2139 moute
1273 2069 1458 2160 superbum.

601 2177 715 2245 Altera
737 2179 826 2244 iam²
847 2179 942 2245 terris
964 2178 1060 2244 iubar
1082 2177 1205 2244 almum
1227 2198 1345 2244 aurora
1366 2177 1505 2264 revexit,

513 2283 646 2354 Elisabe
667 2293 848 2375 postquam,
870 2285 1039 2374 egregium
1061 2308 1174 2374 geum
1196 2283 1263 2351 alta
1285 2307 1427 2374 propago

432 2414 480 2459 ro.
509 2392 721 2459 Austriaoum
743 2415 867 2479 regum,
889 2414 1028 2481 magnae
1051 2399 1252 2460 suooesserat
1275 2390 1348 2458 urbi

513 2497 700 2584 Graooviee,
722 2508 834 2587 peotes
857 2497 935 2564 olim
957 2497 1127 2588 expletura
1147 2497 1355 2589 hymenaeos

513 2606 663 2693 Augusto
684 2606 755 2693 regi
777 2605 891 2676 vinolo,
910 2605 1066 2672 soeisntla
1087 2605 1200 2694 iugali,

513 2711 685 2791 Sarmatici
707 2721 741 2779 et
763 2721 926 2800 seeptruur
949 2713 1043 2800 regni
1064 2714 1291 2802 insignemque
1313 2735 1466 2780 eoronam

513 2819 621 2906 Atque
643 2816 754 2886 orbem
777 2829 952 2908 aoeeptura
973 2819 1022 2886 ire
1044 2819 1088 2885 ad
1110 2818 1247 2887 delubra
1268 2817 1404 2908 parabat

433 2943 482 2990 rs.
511 2923 610 2990 Aulai
632 2923 668 2990 in
689 2923 806 3013 medio,
829 2925 925 2992 eelsis
948 2923 1004 2992 ubi
1028 2925 1156 3015 fulgida
1177 2925 1294 2993 teotis⁸

513 3030 609 3098 Atria
630 3054 666 3101 se
686 3032 804 3099 tollunt
827 3032 926 3119 eaelo,
948 3042 981 3100 et
1003 3034 1109 3123 spatia
1131 3033 1240 3122 ampla
1261 3031 1458 3122 relinquunt

514 3137 742 3208 Sauromatum
763 3139 862 3230 primi
883 3149 1081 3231 exspectant,
1103 3140 1301 3230 longumque
1324 3149 1483 3209 moratam

514 3246 772 3335 Ounetetamque
794 3246 860 3334 diu,
882 3249 1067 3316 venientem
1089 3247 1201 3315 limine
1222 3248 1329 3337 primo

513 3350 691 3440 Aeoipiunt
713 3352 863 3440 mediam,
885 3352 1075 3442 duountque
1097 3353 1139 3420 ad
1162 3353 1292 3443 templs,
1315 3363 1441 3438 seorsto

431 3477 481 3523 eo.
512 3455 606 3536 Quae
628 3456 790 3527 Stenislao
813 3456 899 3524 celso
922 3467 1036 3525 saneta
1057 3482 1132 3525 ossa
1154 3457 1302 3546 sepulero

514 3561 677 3649 condunt,
700 3562 830 3628 divinos
851 3562 1008 3651 praebent
1030 3573 1063 3630 et
1084 3563 1167 3630 turis
1188 3562 1336 3630 honores.

513 3665 660 3754 Regibus
683 3665 738 3734 hio
759 3668 876 3757 prisois
898 3669 1011 3757 generi
1033 3677 1065 3736 et
1087 3677 1160 3758 post
1181 3667 1301 3735 deinde
1324 3677 1435 3736 suante

514 3774 619 3842 Omen
642 3785 712 3842 erat
733 3775 836 3845 saeris
858 3784 990 3845 aeterna
1012 3777 1191 3866 astringere
1213 3775 1332 3845 vinulis

512 3881 692 3970 Coniugia⁴
693 3934 1291 3952 ............

513 4165 524 4196 ¹
541 4168 591 4218 lte
613 4164 752 4226 ,umet
770 4167 847 4221 (loni
865 4165 926 4218 illos
943 4182 1046 4232 verens,
1064 4167 1110 4234 qui
1129 4165 1256 4235 vulgale
1274 4167 1359 4220 metis.
1376 4166 1554 4236 Verglllxnee

406 4253 518 4308 Aeaei&
536 4254 770 4323 pneeeribuntur:
796 4254 846 4307 llle
863 4271 922 4323 ego,
940 4255 986 4322 qul
997 4293 1003 4305 .
1016 4295 1040 4309 ..

515 4339 593 4395 ’lla
613 4348 718 4410 ‚eum“.

516 4430 594 4485 'lla
615 4433 736 4495 ,καὶὴ

513 4519 524 4550 ⁴
544 4522 620 4574 Heee
638 4536 689 4573 rox
707 4521 819 4589 preximi
838 4535 933 4574 versus
951 4523 1038 4589 prime
1056 4529 1174 4588 notetur,
1199 4530 1230 4576 ut
1248 4524 1356 4586 essolet,
1381 4523 1408 4576 in
1428 4530 1549 4576 extrem

406 4610 507 4679 peglne
524 4611 709 4679 manuscripti,
727 4618 756 4664 et
773 4626 935 4678 quemquern
953 4627 1046 4664 verene
1070 4613 1106 4665 eb
1124 4611 1177 4666 hee
1194 4628 1259 4666 roes
1278 4612 1410 4681 incipiens
1427 4611 1552 4680 sequenti

406 4699 507 4770 pegine
528 4698 704 4766 desideretur,
728 4700 847 4754 dubitari
872 4708 962 4754 temen
988 4701 1091 4770 nequit,
1113 4701 1179 4770 quin
1204 4701 1422 4756 ueueeesibentie
1446 4701 1556 4756 nesea

407 4788 582 4843 intereirlerit.
