4109 5767
679 770 771 821 XblV
1190 785 1345 822 enarrarre.

675 1000 870 1043 caesareum
893 978 1017 1062 (Decis.
1041 976 1087 1043 lit.
1110 976 1142 1063 Ι,
1165 978 1254 1063 253),
1284 975 1342 1043 sed
1373 978 1471 1043 etiarn
1501 978 1554 1042 ius
1584 998 1752 1043 commune
1780 998 1816 1041 ao

680 1085 965 1176 perfectissimum,
988 1086 1076 1175 qnod
1099 1084 1159 1152 soli
1183 1087 1248 1151 iuri
1265 1087 1423 1153 canonico
1437 1086 1630 1153 auctoritato
1645 1084 1817 1151 concedere

677 1206 912 1261 commemorat
935 1196 1059 1279 (Decio.
1083 1193 1128 1260 lit
1152 1194 1215 1281 ΙΙΙ,
1239 1194 1317 1277 283)
1347 1194 1497 1283 quodque
1527 1216 1593 1259 una
1615 1215 1690 1259 curn
1713 1206 1818 1258 aucto-

680 1303 777 1368 ritate
800 1303 941 1369 caesaris
964 1325 1062 1391 quarn
1086 1301 1243 1369 latissime
1266 1300 1378 1369 valere
1400 1313 1572 1391 partesque
1604 1325 1624 1368 a
1653 1302 1724 1367 iura
1748 1322 1818 1367 ver-

680 1410 800 1477 naculo
812 1433 935 1479 vacuas
951 1413 1049 1478 etiarn
1065 1411 1154 1500 apud
1167 1410 1305 1477 l’olonos
1316 1432 1418 1499 aeque
1433 1422 1531 1499 atque
1545 1412 1579 1476 in
1592 1409 1688 1476 ltalia
1705 1411 1819 1498 llispa-

679 1520 737 1584 nia
751 1517 925 1607 Galliaque
941 1519 1073 1607 explere
1096 1521 1187 1607 cupit
1209 1520 1332 1601 (Decio.
1348 1518 1393 1584 lit.
1409 1520 1435 1600 1,
1458 1520 1521 1584 251
1540 1541 1599 1605 sq.;
1623 1518 1664 1604 V,
1679 1521 1712 1601 33
1735 1520 1818 1601 322).

787 1626 880 1708 Quae
903 1627 966 1692 viri
991 1625 1101 1713 opinio
1122 1625 1247 1691 ultimis
1270 1626 1387 1711 viginti
1413 1624 1480 1690 fere
1503 1626 1590 1691 vitae
1605 1625 1700 1690 aunis
1715 1646 1819 1689 rerum

678 1734 857 1820 improviso
879 1744 1000 1799 eventu
1023 1732 1180 1821 paulatim
1205 1754 1353 1821 repressa
1375 1745 1407 1799 et
1429 1731 1471 1797 ad
1491 1733 1676 1819 aequiorem
1690 1730 1818 1795 modom

672 1839 814 1907 'redacta
844 1852 902 1907 ost.
941 1839 1025 1906 Nam
1057 1852 1089 1906 et
1120 1839 1256 1906 botheri
1287 1839 1490 1928 aliorumque
1512 1838 1680 1905 doctrinae
1710 1849 1819 1903 contra

675 1949 824 2014 caesaris
846 1970 938 2013 arma
962 1947 1189 2013 defensoribus
1212 1949 1281 2013 suis
1304 1958 1472 2032 steterunt,
1494 1957 1527 2013 et
1546 1945 1749 2033 singularum
1764 1968 1820 2011 na-

679 2058 803 2122 tionum
828 2054 969 2144 linguae,
993 2078 1100 2122 mores
1123 2057 1334 2146 institutaque
1357 2056 1463 2144 magis
1485 2056 1655 2143 magisque
1677 2056 1749 2120 iura
1763 2076 1821 2119 sua

681 2163 905 2249 vindicabant,
928 2174 968 2249 et,
991 2165 1047 2252 qui
1070 2162 1187 2232 Oarolo
1203 2164 1235 2229 V
1256 2166 1290 2228 in
1308 2163 1468 2252 Hispania
1483 2184 1543 2228 rex
1558 2164 1724 2248 successit,
1746 2162 1822 2227 Phi-

679 2270 789 2360 lippus
812 2271 847 2336 ΙΙ
870 2272 1004 2338 carebat
1025 2271 1230 2360 imperatoris
1246 2273 1371 2336 romani
1387 2270 1554 2357 dignitate.
1577 2270 1698 2357 Bagam
1715 2280 1821 2335 autem

670 2378 917 2466 ¹Hispaniarum
941 2379 1074 2466 obsequi
1098 2401 1232 2443 romano
1255 2380 1440 2466 imperatori
1465 2400 1539 2445 cum
1556 2378 1699 2467 Royaius
1714 2398 1822 2464 asper·

670 2498 824 2571 ‘naretur,
847 2508 887 2551 ne
910 2484 1096 2551 Galliarum
1118 2486 1249 2573 quidem
1266 2496 1362 2573 atque
1378 2485 1531 2550 Poloniae
1547 2507 1640 2572 reges
1655 2485 1696 2549 ab
1714 2495 1822 2549 aucto

680 2594 777 2659 ritate
801 2595 943 2659 caesaris
968 2593 1109 2681 pendere
1133 2592 1231 2659 facile
1255 2596 1318 2658 iam
1336 2592 1543 2659 mancedebat.
1566 2593 1681 2680 ltaque
1697 2593 1822 2679 parcior

681 2700 747 2765 iam
770 2712 820 2765 est
849 2701 883 2765 in
907 2699 1062 2766 laudibus
1085 2699 1294 2766 Ferdinando
1317 2701 1334 2766 1
1365 2712 1422 2766 aut
1452 2698 1675 2765 Maximiliano
1698 2699 1733 2764 Il
1763 2700 1822 2763 im-

680 2804 859 2894 pertiendis
882 2806 939 2891 (11,
963 2810 1028 2873 316
1052 2812 1141 2895 sqq),
1172 2811 1206 2872 in
1229 2809 1340 2896 aisque
1363 2808 1443 2895 ipsis
1466 2806 1599 2872 ducitur
1620 2808 1822 2895 potissimum

679 2926 737 2979 aut
760 2936 838 2979 suae
861 2916 908 2980 rei
933 2916 1081 3003 privatae
1103 2927 1159 2980 aut
1182 2917 1385 3001 cognationis
1415 2937 1489 2981 cura
1515 2913 1667 2979 Poloniae
1691 2912 1821 3000 regibus

678 3022 812 3109 ratione,
835 3020 1074 3089 Germanorum
1097 3045 1175 3089 vero
1197 3025 1370 3110 nationem,
1393 3021 1521 3090 Geuoni
1546 3022 1719 3111 praecipue
1735 3019 1821 3086 sodi-

679 3129 767 3196 tione
791 3142 904 3196 contra
928 3130 1081 3197 Poloniae
1108 3154 1218 3218 regem
1241 3144 1371 3220 exorta,
1402 3131 1622 3197 acerbissimis
1652 3128 1821 3195 versiculis

680 3240 829 3327 persequi
854 3261 917 3304 non
942 3238 1071 3305 dubitat
1093 3240 1132 3326 (l,
1155 3240 1221 3306 278
1245 3264 1304 3328 sqq
1328 3241 1373 3327 ll,
1397 3241 1475 3324 ron
1500 3242 1588 3324 344).

787 3345 1026 3411 Posterioribus
1050 3348 1151 3433 igitur
1175 3349 1263 3412 vitae
1285 3349 1381 3413 annis
1404 3346 1508 3413 solum
1536 3347 1570 3411 in
1595 3348 1675 3411 iuris
1698 3347 1820 3411 romani

679 3454 878 3543 praestantia
901 3453 1099 3521 celebranda
1122 3456 1347 3544 pontificisque
1370 3456 1494 3521 romani
1512 3456 1705 3520 auctoritato
1721 3452 1819 3520 extol·

681 3561 779 3629 lenda
801 3564 1046 3651 perseverabat3
1068 3565 1148 3653 quin
1171 3566 1270 3630 etiam
1294 3564 1369 3630 fidei
1392 3586 1546 3630 romanae
1568 3563 1749 3650 integritati
1773 3584 1819 3627 ar·

679 3670 811 3737 dentiae
834 3694 931 3759 quam
955 3684 1052 3739 antea
1071 3673 1337 3760 patrocinabatur
1352 3672 1520 3740 tridentini
1538 3671 1668 3738 concilii
1684 3671 1819 3736 decreta

681 3778 824 3843 innixus.
848 3778 972 3845 Studiis
995 3790 1114 3865 autem,
1137 3781 1256 3867 quibus
1280 3802 1448 3845 romanum
1465 3781 1638 3867 imperium
1654 3777 1819 3866 amplexus

680 3895 759 3968 erat,
782 3885 815 3949 in
841 3884 1034 3950 Polonorum
1057 3907 1195 3972 regnum
1212 3886 1378 3951 translatis
1393 3897 1426 3951 et
1441 3887 1529 3972 regis
1546 3885 1698 3950 Poloniae
1714 3896 1818 3949 aucto·

681 3991 809 4056 ritatem
834 3992 945 4076 augeri
970 4003 1068 4079 atque
1090 3993 1276 4057 confirmari
1305 3994 1361 4077 (ll,
1385 3994 1451 4059 265
1474 4016 1533 4081 sqq
1557 3993 1582 4078 Ι,
1606 3994 1671 4058 289
1695 3998 1765 4081 sq),
1797 4014 1816 4056 e

673 4098 792 4185 unalia,
823 4099 940 4187 quibus
972 4123 1039 4166 rem
1074 4100 1236 4189 publicam
1269 4100 1417 4168 laborare
1441 4103 1621 4190 perspexit,
1652 4124 1818 4167 occurren

679 4205 868 4295 mederique
891 4209 1051 4295 cupiebat.
1074 4208 1148 4289 Quo
1171 4211 1242 4274 sine
1265 4209 1366 4274 dubio
1382 4209 1555 4275 referenda
1570 4222 1646 4274 sant
1663 4209 1817 4298 pleraque

680 4313 715 4375 in
738 4314 857 4398 quibus
880 4316 1075 4402 praecipuae
1098 4317 1286 4403 provinciae
1310 4338 1388 4381 suae
1411 4337 1535 4380 memor
1556 4315 1755 4380 iudiciorum
1773 4336 1817 4401 po

680 4417 829 4485 lonorum
845 4421 926 4486 vitia
942 4423 1060 4508 tangit,
1082 4421 1179 4487 modo
1195 4422 1300 4510 legem
1316 4422 1466 4510 polonam
1482 4422 1523 4487 de
1538 4420 1705 4487 homicidii
1724 4443 1817 4510 poem

680 4527 878 4613 improbans,
902 4528 997 4594 modo
1019 4530 1221 4618 exprobrans
1244 4531 1366 4597 iudicia
1390 4530 1431 4595 ad
1451 4531 1622 4595 arbitrium
1640 4528 1814 4595 libidinem

679 4655 745 4721 que
768 4637 923 4719 exerceri,
948 4658 1023 4701 cum
1048 4660 1068 4701 a
1092 4637 1279 4724 proceribus
1303 4660 1360 4703 eae
1383 4649 1510 4701 tantum
1527 4635 1625 4724 leges,
1648 4659 1733 4725 quae
1749 4638 1813 4724 ipsi

682 4742 820 4828 prosint,
845 4744 1070 4830 respiciantur,
1097 4744 1192 4809 modo
1216 4746 1267 4808 ius
1291 4767 1460 4809 romanum
1485 4746 1671 4809 accuratius
1695 4742 1813 4808 Poloni

677 4850 944 4933 cognoscendum
968 4851 1129 4939 latiusque
1154 4851 1376 4938 usurpandum
1400 4874 1472 4916 esse
1495 4852 1704 4916 contendens.
1734 4852 1815 4917 Cete
