4109 5767
1076 794 1130 859 44.

869 995 923 1055 De
951 993 1112 1055 Litnnnin
1139 1004 1176 1057 et
1199 994 1341 1057 Potonin

746 1099 978 1161 consensione
1000 1100 1183 1177 utriusque
1206 1100 1319 1177 gentio
1342 1110 1462 1162 mutuo

653 1205 761 1283 pridie
787 1207 972 1267 beatorum
1000 1206 1094 1267 Petri
1123 1215 1159 1268 et
1187 1206 1283 1268 Pauli
1305 1206 1556 1285 Apostolorum

815 1311 953 1374 Lublini
975 1312 1012 1373 in
1035 1312 1176 1374 comitio
1200 1313 1360 1375 adunatio
1370 1313 1389 1375 ¹.

641 1487 785 1555 Vioenon
807 1486 886 1554 nolin
907 1486 1102 1554 numerabat
1125 1486 1241 1553 Iunius
1264 1497 1355 1554 ortum

693 1594 853 1683 Oetnquet
876 1593 962 1661 leetn
985 1593 1056 1661 dien
1078 1594 1231 1661 omnibus
1253 1594 1312 1661 illn
1334 1594 1406 1682 fuit,

640 1703 729 1770 Unio
750 1724 816 1790 qun
838 1702 927 1767 iente
947 1710 998 1767 ent
1019 1700 1210 1789 litunnnqun
1233 1702 1345 1768 innota
1367 1702 1503 1790 polonie

693 1806 784 1876 Gens
807 1806 902 1874 fortis
925 1806 1002 1873 forti
1025 1816 1076 1873 est
1099 1806 1250 1895 steteque
1273 1830 1391 1897 corpur
1413 1807 1511 1875 idem.

581 1936 607 1981 t.
641 1914 741 1983 serus
764 1912 807 1980 erl
830 1934 984 1980 nemum
1005 1914 1073 1980 inm
1096 1912 1145 1979 nol
1168 1914 1371 2003 properabat,
1394 1915 1489 1981 Ibero

692 2023 861 2089 Metaurus
884 2021 987 2088 sennen
1010 2020 1144 2089 flumine
1166 2021 1318 2089 Phoebus
1340 2044 1448 2111 equos.

640 2131 718 2198 Post
740 2140 790 2198 ter
811 2131 1015 2219 quingentos,
1038 2129 1148 2198 denies
1172 2153 1231 2197 sex
1253 2130 1338 2198 adde
1361 2153 1543 2219 novemque

692 2240 807 2305 Annos
831 2261 850 2303 a
872 2237 1165 2306 Ohrinto.fulnernt
1186 2237 1245 2305 illa
1267 2237 1338 2305 dies

638 2331 728 2433 Rege
750 2345 811 2410 nub
835 2347 994 2431 Augusto,
1018 2343 1099 2410 faeti
1121 2344 1176 2410 oui
1198 2343 1304 2431 glorie
1327 2345 1409 2410 tnnti
1431 2356 1480 2411 est

560 2475 605 2517 ιο.
691 2449 822 2536 Debita,
845 2473 909 2538 qua
934 2450 1012 2515 divo
1036 2471 1112 2516 oum
1134 2460 1227 2537 petro
1250 2451 1332 2516 vioit
1354 2473 1453 2516 avum

638 2558 681 2622 Et
703 2578 873 2644 proavum,
896 2558 962 2644 qui,
984 2567 1104 2622 conatu
1127 2556 1327 2643 coniungere
1349 2578 1468 2643 magno

692 2662 819 2728 Annixi
841 2660 977 2748 populos
1000 2662 1069 2748 hon,
1092 2672 1225 2749 potuere
1248 2661 1339 2727 nihii.

639 2769 781 2855 Augusti
801 2766 951 2832 sedenim
973 2778 1144 2854 postquam
1167 2765 1340 2855 prudentia
1362 2767 1471 2832 iunxit

692 2874 736 2939 Et
758 2873 865 2938 maius
887 2882 978 2938 tnnto
1002 2870 1132 2938 foedere
1156 2872 1256 2939 robur
1278 2872 1385 2959 hebet,

559 3006 605 3050 ιῆ.
637 2982 678 3051 So
701 2983 871 3070 Augustus
894 2980 952 3047 toti
976 2979 1186 3048 metuendum
1210 2980 1352 3049 reddidit
1375 2978 1455 3068 orbi,

692 3090 767 3174 Qun
790 3090 909 3156 Titnnn
931 3090 1058 3157 minans
1081 3100 1238 3157 monstret
1261 3091 1303 3158 ab
1326 3114 1389 3158 exe
1410 3091 1516 3157 iubar.

641 3202 727 3267 Hine
757 3200 920 3266 Litunnun
951 3199 1022 3286 erit,
1052 3223 1116 3287 quo
1139 3201 1309 3288 Augustus
1340 3200 1460 3289 ubique
1486 3198 1677 3287 triumphet,

693 3308 831 3397 Quoque
853 3317 986 3395 tropaeo
1008 3306 1101 3394 looet,
1124 3309 1201 3375 inde
1223 3307 1365 3375 Polonus
1388 3309 1461 3375 erit

638 3417 785 3504 Utraque
807 3437 889 3503 gens
913 3413 993 3481 felix
1016 3417 1167 3502 Augusto
1189 3426 1246 3504 est,
1269 3438 1359 3505 rege;
1382 3438 1523 3506 perenne

557 3548 606 3591 πο.
691 3524 764 3591 Rex
788 3524 869 3589 feret
893 3523 1063 3610 Augustus
1085 3532 1182 3611 gente
1204 3524 1245 3591 nb
1269 3534 1406 3613 utreque
1429 3523 1538 3590 donus.

640 3771 650 3801 ¹
669 3773 727 3824 Ono.
749 3771 801 3823 170
818 3788 858 3838 oq.
884 3794 906 3815 ι
932 3788 1004 3823 oorn.
1024 3752 1135 3838 281v'sq.

999 4051 1207 4061 -ι--υ-
