4109 5767
1129 801 1207 837 mitt
1226 801 1315 837 ΙΟΥΙΙΙ

1210 1865 1241 1930 6.

1002 2059 1458 2134 EPITHALAMIUM

693 2202 914 2281 Optimomm
939 2201 1170 2262 Maximorum
1194 2199 1407 2278 Sigismundi
1429 2200 1579 2262 Secundi
1603 2197 1753 2277 Augusti

766 2335 803 2388 et
825 2323 980 2387 Elisabes
1002 2323 1212 2386 Ferdinandi
1235 2323 1420 2404 Quiritium
1442 2325 1534 2401 regis
1558 2323 1645 2384 filiae
1656 2323 1677 2385 ¹.

1151 2514 1310 2541 —ss—

1200 2679 1257 2732 Ad

969 2769 1257 2824 saerosanetum
1276 2770 1471 2823 antistitem

894 2875 1196 2948 SAMUELEM
1224 2874 1557 2963 MAGIOVIUM,

774 2985 943 3042 Ploesnrium
960 2989 1115 3057 episeopum
1133 2986 1263 3055 regnique
1281 2985 1408 3039 Paionia·
1426 2985 1676 3054 proesneellarium,

1117 3077 1205 3145 operis
1224 3075 1334 3128 dicatio.

761 3249 990 3318 Sauromatum
1011 3250 1152 3338 praesul,
1174 3249 1325 3337 Maeiovi‚
1349 3248 1437 3316 uultu
1460 3255 1613 3317 tuorum¹

758 3355 825 3436 Qui
847 3377 962 3443 regum
984 3365 1057 3443 post
1079 3366 1207 3443 seeptra
1230 3377 1315 3420 unus
1337 3355 1456 3422 deeora
1478 3355 1544 3422 alta
1566 3355 1675 3443 poloni

760 3461 930 3530 Sustentas
952 3462 1055 3550 regni,
1078 3463 1132 3528 eui
1155 3483 1189 3528 se
1211 3461 1414 3551 populusque
1436 3473 1609 3551 patresque

759 3568 983 3655 committunt,
1005 3570 1176 3657 gentisque
1199 3568 1293 3635 (latas
1315 3592 1373 3636 rex
1396 3568 1501 3636 eredit
1522 3568 1676 3657 habenas,

699 3698 726 3744 t.
757 3676 928 3764 Quemque
950 3698 1053 3741 unum
1076 3677 1203 3742 faciunt
1225 3698 1334 3742 rerum
1357 3676 1547 3764 arbitriique
1568 3684 1745 3764 potentem,

757 3819 803 3832 —
825 3782 932 3848 Tanta
954 3782 1036 3848 fides
1059 3781 1202 3869 dextrae,
1225 3792 1322 3870 atque
1337 3782 1422 3848 altae
1437 3782 1611 3872 prudentis
1626 3781 1816 3868 mentis,-

758 3886 893 3976 Aeeipe,
915 3910 999 3977 quae
1021 3887 1148 3954 ealamo
1171 3887 1267 3953 modo
1291 3888 1459 3954 festinavit
1480 3887 1585 3953 hianti

756 3994 885 4060 Dextra
907 3993 1008 4083 rudis,
1031 3994 1135 4061 Musis
1158 3995 1257 4064 nullis
1279 4003 1312 4061 et
1332 3995 1486 4083 Apolline
1509 3994 1608 4062 nullo.

759 4099 927 4168 Sismundi
949 4103 1093 4190 Augusti
1117 4102 1330 4190 Elisabesque
1352 4101 1476 4190 iugalia
1497 4102 1609 4169 vinela

680 4230 729 4276 ro.
760 4208 907 4275 Heroum
930 4231 1012 4276 eano
1035 4232 1238 4298 magnorum,
1261 4219 1509 4298 extremumque
1527 4209 1764 4300 hymenaeum,

665 4309 669 4314 ’
760 4318 913 4384 Aeternis
934 4316 1062 4383 Divum
1085 4317 1229 4407 imperiis
1251 4327 1284 4383 et
1307 4317 1441 4384 numine
1464 4317 1604 4403 firmum,

763 4509 775 4542 ¹
793 4513 883 4565 Prima
900 4527 963 4582 prr·
981 4511 1063 4564 huius
1080 4511 1248 4581 epithalamii
1262 4511 1392 4580 usquead
1405 4528 1429 4564 r.
1444 4510 1497 4566 227
1512 4511 1619 4579 etipsa,
1638 4527 1710 4580 quas
1728 4525 1826 4580 prae·

652 4602 773 4657 mittitur
789 4602 971 4672 epithalamio,
990 4602 1135 4671 dedicatio,
1147 4611 1303 4657 mersatur
1315 4603 1401 4655 solum
1417 4603 1446 4655 in
1459 4602 1528 4655 libro
1540 4610 1616 4655 mita
1636 4599 1828 4667 (lemicensi,

655 4700 749 4749 etur·
765 4700 874 4748 urunt
889 4693 919 4747 iu
937 4703 1051 4764 utroque
1070 4703 1158 4763 msto..
1175 4702 1203 4748 et
1221 4694 1376 4748 cumitensi
1395 4701 1424 4748 et
1443 4693 1590 4748 Orroiinso.
1609 4693 1718 4761 Scripta
1740 4691 1828 4746 haee

650 4791 718 4839 sunt
735 4799 761 4837 a.
782 4782 860 4838 uia
879 4793 939 4852 post
957 4801 1077 4853 armen,
1094 4784 1164 4852 quoti
1183 4784 1304 4850 proximo
1323 4783 1381 4837 lues
1400 4785 1544 4839 numelli.

759 4869 771 4902 ¹
787 4873 839 4927 iis.
860 4873 949 4937 ,culte
969 4875 1067 4940 tuorr'.
