4109 5767
384 1043 503 1110 librum
529 1046 686 1113 Varronis
709 1046 750 1113 de
774 1050 843 1113 vita
866 1048 975 1137 populi
1000 1051 1142 1135 romani,
1172 1049 1274 1117 altero
1296 1051 1376 1136 (111,
1400 1052 1455 1133 43)
1483 1052 1526 1118 ad

383 1150 631 1239 Olitopbontcm,
656 1152 844 1219 bistoricum
867 1177 1037 1239 graecam,
1062 1157 1148 1243 prior
1170 1157 1258 1221 enim
1282 1155 1373 1221 locus
1389 1156 1527 1224 debetur

384 1255 489 1322 Nonio
519 1258 562 1343 (Ι,
586 1258 672 1341 208),
711 1260 869 1346 posterior
900 1259 1070 1325 l'nrallelis
1100 1261 1298 1345 minoribus,
1327 1284 1411 1349 quae
1443 1261 1526 1328 falso

383 1360 560 1427 Plutarcho
583 1364 771 1430 tribuuntur
786 1368 864 1446 (15).
888 1365 983 1431 Adde
1002 1365 1089 1453 qaod
1109 1368 1172 1451 111,
1195 1368 1238 1432 oe
1254 1366 1349 1431 affert
1363 1367 1524 1453 quaedam

383 1468 522 1535 Cratetis
545 1468 701 1555 historici,
723 1493 807 1557 quae
831 1470 917 1537 unde
940 1470 1094 1556 hauserit,
1117 1472 1244 1559 asseqm
1268 1470 1347 1537 mihi
1364 1494 1429 1537 non
1445 1494 1524 1538 eon·

382 1574 465 1657 tigit
504 1574 720 1641 l'rofernntur
749 1576 847 1643 etiam
879 1577 913 1642 in
944 1576 1068 1643 eisdem
1100 1578 1329 1645 Deoisionibus
1358 1576 1524 1645 lituanieis

384 1680 496 1767 iruulta,
526 1704 662 1771 quorum
687 1692 844 1769 auctaas,
874 1707 1070 1773 quamquam
1095 1707 1158 1751 non
1181 1698 1421 1772 nuncupantur,
1443 1686 1523 1773 quin

383 1787 506 1879 Royaio
529 1791 597 1856 noti
621 1790 751 1875 fuerint,
774 1792 832 1857 vix
856 1791 997 1857 dubitari
1022 1802 1135 1879 potest.
1158 1792 1243 1857 Nam
1258 1792 1397 1857 Nemnis
1413 1792 1527 1879 vitam,

384 1896 468 1963 siout
491 1908 600 1963 cetera
623 1899 786 1983 Suetonii,
816 1900 901 1965 iuter
933 1900 1101 1965 notissima
1130 1900 1200 1965 eius
1225 1899 1326 1965 luisse
1348 1922 1390 1965 ex
1414 1898 1526 1966 multis

385 2014 520 2091 apparet
542 2003 624 2071 locis
654 2007 775 2087 (Dacis.
800 2005 846 2071 lit.
867 2006 930 2093 ΙΙΙ,
961 2008 1040 2088 3473
1072 2008 1150 2088 5163
1181 2006 1240 2091 IV,
1266 2008 1345 2090 3063
1375 2009 1463 2091 417),
1493 2017 1526 2073 et

384 2120 493 2176 umen
516 2134 563 2191 aa,
586 2134 670 2200 qaae
692 2113 803 2179 Deoia.
826 2111 873 2179 lit
896 2115 923 2199 Ι,
947 2116 988 2181 18
1013 2114 1054 2181 de
1076 2114 1216 2181 Neronis
1233 2126 1335 2181 morto
1350 2114 1458 2201 tradit,
1480 2114 1525 2180 ad

383 2215 574 2285 Suetonium
598 2230 762 2286 auctorem
787 2221 910 2286 referre
933 2222 1094 2308 neglexit,
1125 2242 1264 2309 eumque
1286 2222 1346 2288 vix
1376 2222 1444 2287 fieri
1469 2244 1527 2309 po-

384 2326 498 2411 tuerit,
530 2338 565 2392 ut
591 2326 700 2414 aliqua
725 2328 851 2394 Horatii
882 2329 912 2394 ci
944 2330 1056 2417 ignota
1084 2339 1209 2414 emant,
1240 2328 1401 2395 celebrem
1431 2328 1524 2395 illurn

384 2442 496 2519 poetae
520 2434 679 2499 Venusini
705 2434 822 2521 locum,
843 2437 900 2523 qui
923 2446 973 2501 est
995 2436 1092 2503 Satir,
1115 2436 1142 2520 Ι,
1167 2439 1196 2521 l,
1218 2460 1273 2502 vv.
1291 2438 1354 2502 106
1370 2460 1426 2524 sq,
1449 2460 1524 2524 pro·

384 2540 493 2605 serens
517 2540 639 2623 (Dacis.
661 2540 707 2606 lit
731 2541 789 2625 IV,
813 2544 868 2625 99)
891 2542 1035 2607 auctoris
1058 2554 1174 2608 nornen
1198 2541 1328 2610 celavit.

490 2646 632 2713 Omnino
655 2655 733 2711 suat
754 2648 788 2711 in
812 2647 1043 2713 Decisionibus
1074 2646 1239 2714 litaauicis
1270 2649 1402 2714 circiter
1430 2649 1527 2735 qain-

382 2753 539 2837 quaginta
563 2750 634 2835 loei,
657 2774 738 2839 quos
754 2752 907 2841 Royzios,
931 2775 1005 2817 cum
1022 2754 1165 2840 antiquis
1180 2752 1369 2819 auctoribus
1383 2753 1529 2830 deberet,

383 2856 426 2920 ad
456 2856 585 2923 eosdem
618 2881 683 2923 non
715 2858 852 2941 rettulit3
883 2860 931 2926 eis
962 2859 1091 2925 aceedit
1119 2858 1240 2947 triplex
1272 2858 1339 2926 iero
1370 2882 1526 2925 numerus

383 2984 512 3047 aarum,
543 2964 577 3029 in
608 2966 727 3052 quibus
758 2964 932 3031 tradantur
963 2975 1132 3031 auctarum
1163 2966 1296 3031 nomina
1328 2988 1526 3053 operumque

383 3067 468 3134 tituli
492 3069 614 3137 additia
638 3070 723 3137 ΙιιιιιιΙ
749 3093 823 3138 raro
846 3072 925 3161 ipsis
948 3071 1108 3137 librorum
1138 3072 1345 3161 capitumque
1372 3073 1526 3139 numeris.

383 3174 488 3264 Saepe
511 3178 654 3268 Itoysius
677 3180 774 3245 etiam
798 3181 915 3268 repetit
933 3191 1087 3247 accurato
1101 3189 1226 3245 textum
1243 3178 1306 3247 loci
1322 3178 1415 3246 latini
1430 3203 1526 3267 grae-

385 3284 467 3350 civc.
505 3284 705 3352 Graecorum
731 3286 885 3375 pleraque
907 3288 1002 3355 affert
1028 3286 1130 3353 latine
1152 3309 1263 3372 versa,
1293 3310 1526 3375 nonnunquam

383 3402 415 3455 et
438 3413 558 3477 graeca
580 3402 612 3458 et
634 3414 746 3459 eorum
769 3392 905 3458 latinam
921 3395 1106 3459 versionem
1121 3416 1142 3457 a
1157 3416 1192 3459 se
1208 3393 1387 3461 consectam
1403 3396 1527 3477 (Deoia.

383 3494 429 3561 lit.
452 3498 553 3583 praef.
577 3498 659 3579 inita
683 3500 746 3583 ΙΙΙ,
768 3500 847 3579 2633
874 3498 931 3581 IV,
957 3500 1042 3581 138).
1064 3509 1101 3563 ut
1115 3497 1299 3565 ostenderet
1313 3508 1417 3565 artem
1433 3520 1527 3565 suam

384 3606 417 3669 in
436 3606 568 3691 graecis
592 3604 761 3671 commode
784 3604 897 3691 lingua
913 3604 1014 3670 latina
1031 3603 1219 3688 reddendis,
1243 3605 1295 3671 eui
1313 3603 1451 3670 multum
1467 3606 1526 3671 tri·

385 3714 528 3781 buebant
550 3712 638 3780 illius
661 3713 735 3779 arcui
759 3713 821 3780 viri
846 3712 941 3780 docti.

493 3822 565 3889 Hac
581 3821 656 3888 illac
672 3822 788 3887 incidit
804 3823 946 3913 Royzias
962 3823 995 3887 in
1013 3822 1227 3910 quaestiones,
1241 3820 1360 3909 quibua
1375 3830 1409 3887 et
1423 3821 1527 3910 ipsius

384 3943 416 3997 et
440 3929 528 3995 illius
550 3931 623 3996 aevi
647 3930 848 4017 antiquitatis
872 3931 981 3996 studia
1003 3928 1217 3995 illustrantur.
1250 3930 1288 3993 Ia
1311 3930 1523 3995 Deoieionurn

385 4037 586 4124 praefatione
609 4045 754 4101 extrema
777 4036 940 4100 Iustinum
964 4048 1134 4100 enarratae
1165 4036 1211 4101 rei
1236 4046 1351 4101 testam
1376 4036 1526 4101 excitans

385 4142 487 4207 adicit
508 4142 668 4207 incertum
691 4163 772 4222 esse,
797 4152 904 4205 utrum
927 4141 969 4206 ad
994 4141 1166 4226 Iustinum,
1190 4164 1232 4205 an
1249 4141 1289 4205 ad
1307 4142 1413 4229 ipsum
1429 4141 1526 4206 Ponu-

385 4248 494 4335 paium
516 4246 660 4333 Trogum
691 4258 856 4313 auctorem
888 4247 930 4312 sit
961 4246 1141 4312 referenda.
1179 4248 1392 4313 Decisionum
1423 4246 1477 4312 lib.
1510 4246 1526 4311 Ι

385 4360 405 4437 ξ
431 4357 471 4420 19
495 4356 528 4419 in
553 4354 675 4421 incerto
699 4354 797 4442 ponit,
821 4363 930 4420 utrum
953 4352 1125 4421 Cornelius
1147 4352 1274 4439 Gallus,
1296 4377 1392 4441 quem
1409 4353 1528 4440 Vergi÷

385 4460 449 4527 lius
471 4460 586 4548 ecloga
610 4460 736 4528 decima
759 4460 910 4545 celebret
935 4461 1021 4529 idem
1045 4463 1089 4528 sit
1110 4472 1207 4550 atque
1223 4460 1287 4547 ille,
1301 4484 1397 4551 quom
1413 4470 1526 4547 tangat

384 4569 577 4635 Ammianus
608 4568 820 4635 Marcellinus
852 4570 955 4635 XVII
986 4568 1070 4635 libro
1096 4568 1250 4635 historiae
1273 4592 1360 4635 suae.
1397 4567 1524 4633 Ibidem

385 4676 472 4757 ι84ιο
503 4688 611 4742 monet
640 4674 803 4743 Didonem
834 4699 899 4742 non
930 4678 1060 4743 Aeneae
1089 4675 1267 4761 desiderio,
1299 4686 1334 4740 ut
1356 4674 1525 4761 Vergilias

385 4782 532 4863 finxerit,
564 4792 700 4848 mortem
724 4782 785 4849 sibi
810 4783 1020 4865 conscivisse,
1052 4782 1110 4848 sed
1141 4805 1182 4848 ne
1212 4792 1327 4848 contra
1354 4780 1526 4847 viduitatis

385 4890 582 4974 propositum
606 4888 752 4975 ingratas
775 4889 900 4973 Iarbae,
923 4888 1136 4957 Gaetulorum
1160 4890 1256 4973 regis,
1279 4888 1410 4975 nuptias
1432 4891 1524 4975 sequi
