4109 5767
909 776 1065 809 rasurarum
1473 758 1562 808 xxxi

424 844 600 853 -—-——.
611 846 616 851 .
628 843 835 851 -.·—...---.-
846 842 1156 851 —————----.-‚
1169 842 1294 849 ...—---.
1307 844 1315 849 .
1336 844 1342 848 .
1354 844 1377 849 .-
1392 842 1562 861 -5—-w—

425 856 776 867 an-m--p—--ssn
793 857 804 863 -
1074 855 1270 862 ——.-..-r-—.
1284 857 1287 861 .
1344 856 1376 861 ...⁴
1422 854 1563 861 -----.

422 980 493 1035 turn
554 968 697 1057 Roynius
744 966 903 1054 singulari
950 966 1130 1033 celebravit
1176 967 1330 1052 carmine,
1386 967 1566 1035 Oracoviaa

422 1096 534 1140 mense
556 1085 695 1159 augusto
727 1074 813 1140 1553
845 1074 932 1161 typis
967 1094 1098 1138 excuso.
1130 1073 1170 1137 A.
1203 1073 1290 1138 1555
1313 1072 1348 1137 in
1371 1073 1564 1138 Farnasium

423 1178 642 1263 cardinalem,
676 1178 763 1265 quod
805 1178 891 1243 Iulio
925 1177 988 1263 111,
1030 1177 1182 1265 pontifice
1216 1179 1371 1263 maximo,
1410 1177 1566 1244 defuncto

420 1308 478 1372 pro
501 1283 793 1371 Francogallorum
817 1283 964 1370 partibus
986 1283 1124 1348 Romam
1155 1284 1256 1348 armis
1286 1292 1478 1369 occupasset
1507 1305 1563 1369 pa-

421 1412 526 1477 paque
548 1390 617 1454 fieri
644 1388 751 1473 vellet,
773 1389 1018 1475 epigrammatis
1045 1389 1194 1453 insectus
1225 1398 1276 1452 est
1305 1390 1362 1471 (ΙΙ,
1392 1390 1482 1472 295),
1511 1410 1565 1453 co-

421 1493 559 1582 demque
582 1516 667 1559 anno
690 1492 855 1580 aliquanto
871 1503 943 1580 post
959 1493 1096 1558 Paulum
1112 1492 1171 1577 1v,
1194 1492 1378 1580 pontificem
1394 1514 1564 1558 romanum

421 1600 571 1685 electum,
600 1600 693 1687 quasi
717 1598 897 1683 crudelem,
927 1600 1028 1687 patris
1051 1598 1208 1665 ecclcsiae
1231 1599 1360 1665 nomine
1383 1598 1565 1683 indignum,

422 1708 563 1775 curareris
585 1720 682 1795 utiquo
707 1707 940 1795 Hispaniarum
964 1706 1051 1794 regis
1081 1706 1206 1773 lroatom
1237 1706 1483 1795 'Parcarumque
1513 1730 1566 1773 so-

419 1817 519 1900 cium,
543 1814 745 1881 carminibus
775 1814 914 1901 arripuit
944 1813 1001 1899 (ll,
1029 1816 1228 1895 289-291).
1268 1816 1359 1896 Quas
1381 1813 1567 1881 invectivas

425 1944 466 1988 ne
492 1923 533 1987 ab
564 1922 674 1987 animo
703 1922 829 2009 leym,
860 1920 1019 1987 ecclcsiae
1049 1943 1203 1987 romanae
1235 1920 1362 2004 devoto,
1394 1920 1568 1987 abhorrere

424 2040 526 2117 putes,
549 2029 666 2095 studiis
694 2052 773 2115 erga
805 2028 997 2117 Hispaniam
1028 2028 1166 2117 patriam
1199 2050 1427 2115 caesaremque
1457 2028 1567 2093 excita

423 2160 494 2203 csse
517 2138 633 2225 cogita.
657 2136 753 2203 Adde
775 2137 863 2223 quod
889 2147 958 2202 tum
990 2137 1098 2224 ipsum
1129 2136 1163 2201 in
1195 2135 1331 2202 Polonia
1355 2135 1492 2201 Paulum
1516 2135 1566 2200 lv

422 2245 525 2311 sacris
541 2246 639 2313 rebus
655 2256 850 2333 arrtopoaerc
866 2244 1000 2310 divitias
1016 2267 1156 2333 opesque
1172 2267 1314 2334 praeque
1328 2244 1375 2311 cis
1392 2265 1566 2332 assequen-

422 2353 473 2420 dis
497 2376 538 2419 ne
561 2354 713 2441 sanguini
736 2352 867 2438 quidem
893 2352 1060 2419 hominum
1091 2376 1226 2442 parcere
1257 2352 1346 2419 fama
1372 2352 1566 2419 invaluerat.

422 2462 574 2529 Getarum
598 2462 743 2527 carmina
766 2459 823 2527 illa
846 2462 990 2549 Roynius
1013 2484 1118 2549 neque
1141 2463 1228 2551 typis
1252 2460 1428 2549 evulgavit,
1451 2482 1565 2547 neque,

421 2568 545 2655 opinor,
576 2567 773 2655 publicanda
804 2569 945 2655 scripsit,
980 2568 1141 2655 siquidem
1171 2568 1285 2633 eodem
1319 2568 1388 2633 fere
1421 2577 1565 2653 tempore

421 2684 454 2739 et
475 2674 576 2738 Diras
600 2675 634 2738 in
658 2674 818 2759 pontificis
835 2674 971 2737 maximi
986 2675 1119 2760 eiusque
1147 2675 1324 2739 maiestatis
1346 2673 1454 2739 hostes
1478 2694 1566 2739 com·

422 2780 567 2863 posuisse
591 2777 721 2843 videtur
744 2778 782 2861 (Ι,
813 2780 878 2844 263
913 2782 1002 2864 sqq),
1032 2789 1065 2843 et
1095 2780 1241 2843 carmina
1274 2779 1382 2842 animo
1413 2799 1565 2841 romanae

419 2883 531 2947 curiae
554 2882 672 2947 devoto
695 2881 737 2947 ad
753 2883 908 2948 Ioannem
925 2884 1178 2963 Domanovium,
1194 2905 1223 2947 a.
1242 2885 1327 2948 1556
1348 2880 1564 2969 episcopalem

420 2988 618 3071 Samogitiac
641 2987 751 3053 sedern
774 2988 1021 3073 ingredientem,
1045 2989 1224 3076 composuit
1246 2990 1304 3072 (ΙΙ,
1327 2988 1370 3053 84
1386 2992 1474 3075 sqq),
1489 2996 1522 3051 et
1536 3009 1565 3053 a.

428 3096 509 3163 1557
538 3095 723 3183 Ιιὴιιιιιιιιιιιι,
741 3094 831 3161 l'auli
851 3096 898 3161 lV
915 3094 954 3160 ad
975 3118 1025 3162 res
1041 3094 1199 3161 ‹mlvsim
1214 3118 1366 3162 rmuanac
1382 3106 1495 3161 caatra
1509 3117 1568 3161 no-

423 3214 552 3269 vatores
576 3206 608 3269 ia
633 3203 767 3270 l'oloaia
790 3204 929 3271 tuendas
953 3203 1068 3292 legato,
1091 3204 1237 3272 dicatum
1267 3228 1381 3293 pooraa
1403 3202 1569 3272 Olriliasti·

423 3310 506 3377 chon
530 3314 568 3396 (1,
594 3315 657 3380 159
681 3316 769 3402 sqq),
792 3314 827 3378 in
850 3337 914 3401 quo
945 3314 986 3379 de
1017 3313 1119 3380 Paulo
1149 3313 1199 3379 lv
1225 3312 1401 3379 honorifice
1425 3312 1568 3401 loquitur

423 3417 645 3505 ecclesiaeque
684 3440 838 3485 romanae
873 3420 1045 3485 victoriam
1076 3420 1160 3485 inter
1191 3419 1329 3485 Polonos
1359 3419 1568 3502 vaticinatur,

423 3523 603 3590 (lracoviac
626 3525 660 3588 in
683 3524 790 3589 lucem
813 3525 929 3590 emisit.

531 3630 650 3695 Pocma
664 3629 898 3698 chiliastiohon
914 3631 1115 3697 convertisse
1130 3629 1306 3696 videturin
1318 3630 1479 3720 Royaium
1490 3651 1568 3697 ocu·

423 3736 473 3802 los
495 3738 640 3803 omnium
664 3737 822 3805 ecclesias
845 3761 999 3805 romanae
1022 3740 1202 3805 anticorum
1226 3750 1259 3805 et
1281 3748 1568 3828 pmpugnatorum.

425 3846 539 3933 ltaque
562 3857 630 3911 tura
662 3846 805 3912 maximo
835 3870 911 3913 eum
942 3850 1160 3937 praepositum
1191 3846 1382 3914 krotcnsem
1414 3859 1446 3913 et
1475 3846 1568 3914 brevi

424 3962 497 4040 post
520 3954 713 4019 canonicum
737 3956 944 4021 voraicascm
968 3957 1039 4022 sive
1062 3955 1303 4023 medniccusem
1328 3965 1473 4023 creatum
1497 3978 1569 4022 esse

422 4060 581 4145 suspicor,
604 4060 698 4125 curia
719 4083 799 4127 vero
822 4083 957 4127 romana
979 4062 1097 4128 studiis
1123 4064 1194 4128 eius
1224 4061 1377 4128 fidelibus
1407 4070 1569 4127 commota

427 4162 531 4230 titulis
562 4167 772 4253 protonotarii
803 4167 972 4255 apostolici
1007 4170 1199 4255 comitisque
1232 4168 1368 4257 palatini
1402 4190 1478 4234 eum
1512 4190 1570 4233 ex·

428 4271 566 4336 ornavit

535 4378 627 4443 Inter
646 4376 705 4444 lias
722 4402 893 4468 prosperas
910 4380 1061 4446 fortunae
1076 4382 1166 4446 vices
1183 4380 1320 4447 Nicolao
1335 4379 1572 4465 Trebuchovio,

426 4482 605 4549 castellano
636 4486 812 4572 gnesnensi
842 4485 1051 4575 cubiculique
1082 4487 1164 4573 regii
1194 4486 1369 4574 praefecto,
1399 4488 1507 4554 Bresti
1537 4488 1571 4553 in

428 4587 582 4655 Lituania
604 4612 633 4655 a
658 4591 744 4657 1558
768 4602 908 4657 exeunte
931 4603 987 4658 aut
1013 4594 1099 4659 1559
1122 4592 1255 4659 ineunte
1282 4594 1412 4682 nuptias
1428 4593 1571 4658 maximo

426 4693 536 4779 regiae
562 4694 707 4760 familiae
737 4718 971 4783 procerumque
1000 4708 1095 4764 coetu
1126 4697 1304 4765 celebranti
1326 4696 1571 4787 epithalamium

424 4798 569 4886 amplum
593 4801 788 4889 conscripsit
810 4802 849 4885 (Ι,
872 4802 915 4868 80
938 4808 1026 4890 sqq).
1051 4803 1152 4869 Paulo
1175 4815 1248 4891 post
1269 4816 1391 4870 aestate
1422 4825 1450 4868 a.
1483 4804 1569 4870 1559
