4109 5767
893 804 1067 843 ΜΙΤΙΜΔΙΔ.

517 999 640 1066 Matres
663 1008 695 1066 et
717 999 818 1089 pueri,
841 1022 915 1068 aere
937 1001 993 1089 qai
1015 1000 1171 1069 lavantur

516 1105 591 1172 Non
615 1106 716 1190 ullo¹;
744 1104 925 1196 astrologus
947 1117 1055 1195 negat
1083 1109 1241 1176 Fatemar

457 1235 485 1278 o.
515 1213 695 1302 Aegrotare
716 1212 823 1300 fidem,
844 1222 900 1280 tao
923 1212 1042 1280 dedisti

520 1320 628 1401 Quam
651 1319 721 1407 regi
743 1318 848 1405 modo,
869 1319 1076 1408 perfidosque
1098 1321 1233 1410 frangis

518 1424 584 1489 Hie
608 1424 637 1489 si
657 1423 793 1490 morbus
814 1424 900 1490 inest
921 1425 987 1489 tuis
1009 1424 1171 1512 medullia

517 1528 553 1596 Si
575 1529 776 1618 praeoordia,
798 1528 826 1595 si
849 1529 940 1595 sinus
963 1529 1081 1619 adurit,

517 1635 630 1704 Vivax
653 1635 681 1702 si
704 1657 761 1704 eor
783 1634 850 1703 edit
871 1646 1033 1726 negatque
1055 1659 1193 1726 somnos,

431 1765 483 1809 ιο.
515 1743 674 1832 Aegrotas
697 1743 794 1810 nimis
816 1752 849 1811 et
870 1743 976 1811 nimis
1007 1743 1106 1832 Quid,
1126 1745 1270 1836 inquam,

515 1850 698 1939 Aegrotas?
728 1849 889 1940 Superato
911 1861 943 1918 te
964 1851 1100 1940 negabo,

516 1958 559 2024 Et
582 1957 691 2025 dicam
713 1958 840 2048 stygiae
862 1957 1003 2024 incolam
1024 1958 1164 2047 paludis,

515 2064 631 2132 Terret
652 2063 814 2134 Cerberus
836 2087 890 2132 ore
912 2087 1009 2154 quem
1031 2065 1174 2133 trifaaai.

870 2267 1083 2277 ———

950 2583 996 2652 14.

836 2759 873 2815 la
891 2758 1087 2816 Gedsaonses
1095 2757 1114 2812 ¹.

961 2918 987 2983 1.

514 3041 551 3110 Si
574 3042 751 3110 maiestatis
773 3063 848 3108 reus
870 3042 995 3129 amplas
1018 3041 1132 3109 inoolit
1154 3041 1260 3131 aedes,

568 3151 692 3239 Estque
713 3148 763 3216 illi
785 3170 898 3216 oaroer
920 3147 1076 3217 deliciosa
1099 3147 1224 3235 domus,

513 3257 555 3322 In
577 3279 658 3344 quos
681 3264 757 3322 sant
778 3256 881 3342 nervi,
905 3256 1052 3322 manicae
1074 3253 1239 3344 duraeque
1261 3255 1417 3322 eatam?

567 3360 608 3427 Ia
630 3383 711 3450 quos
733 3370 818 3446 sunt,
839 3383 968 3450 quaeso,
990 3360 1102 3427 vinela
1123 3369 1252 3450 reperta
1272 3360 1367 3427 reos?

952 3552 996 3621 11.
1063 3498 1069 3511 ’

514 3678 691 3746 Exsultant
713 3679 812 3766 fures,
833 3689 956 3746 aouunt
979 3703 1040 3746 sua
1062 3678 1127 3746 tels
1149 3679 1300 3768 latrones,

567 3786 697 3876 Quique
718 3788 804 3876 patri
826 3786 971 3874 insidias,
993 3787 1113 3876 quique
1134 3786 1272 3854 tetendit
1293 3809 1364 3854 avo.

515 3892 654 3962 Obsidst
675 3894 731 3962 ills
752 3895 833 3983 vias,
855 3895 962 3962 medis
984 3903 1154 3983 grassatur
1175 3894 1210 3961 in
1233 3893 1315 3961 urbe

567 4001 642 4068 Hie.
663 4002 784 4068 Animo
806 4011 936 4069 versent
959 4003 1083 4068 orimen
1105 4010 1142 4067 ut
1164 4023 1259 4068 omne
1281 4025 1350 4088 suo,
1382 4077 1385 4090 Ι

405 4267 407 4270 ·
514 4245 524 4278 ¹
543 4262 581 4300 sa
600 4247 718 4300 lassatas
735 4248 853 4301 nondam
871 4255 998 4314 quattuor
1016 4263 1101 4299 sanos
1118 4247 1185 4299 asti.

515 4333 678 4402 'quesitam
701 4337 731 4389 ni
749 4337 837 4402 fallor,
861 4337 903 4389 his
920 4337 1023 4389 dnobus
1042 4336 1207 4389 terminibus
1225 4335 1350 4404 Boysius,
1368 4336 1440 4404 quod
1456 4335 1547 4390 Ge&-

409 4425 532 4477 nausiam
549 4425 642 4494 legati,
666 4425 765 4480 iudicia
788 4426 957 4480 comitiorum
978 4425 1171 4478 lablinsnsiara
1194 4423 1310 4481 21569
1330 4423 1502 4479 onomast
1519 4431 1547 4479 st

401 4515 436 4567 r’n
456 4531 592 4569 oaroorem
610 4515 725 4570 ooaieati
742 4515 835 4569 mitius
852 4516 1004 4584 lentiusque
1023 4521 1181 4585 natentur,
1200 4531 1283 4584 qam
1299 4531 1350 4584 par
1367 4515 1404 4567 stt
1420 4531 1470 4583 pra
1487 4531 1546 4569 soe-

407 4606 463 4660 lere
481 4607 572 4659 laesas
589 4606 740 4660 maiestatis
757 4607 904 4661 oommisso.
933 4608 1029 4673 Itaque
1053 4621 1141 4659 errore
1166 4607 1281 4675 quodam
1305 4605 1335 4658 ia
1355 4605 1432 4658 libris
1451 4621 1546 4658 ma·

399 4695 515 4764 «seriptis
533 4695 621 4764 (Gora.
642 4695 694 4751 179
711 4720 735 4742 =
759 4712 810 4749 oss.
829 4695 875 4766 50)
893 4697 961 4750 brea
979 4697 1100 4750 earmina
1118 4700 1317 4764 anteponantur
1335 4695 1383 4762 oia,
1406 4711 1478 4763 qaas
1497 4697 1547 4761 „In

401 4783 573 4836 ebraldum*
593 4785 725 4852 marrata
742 4791 804 4838 sant
822 4785 910 4852 (Gora.
930 4783 983 4839 18⁰
1000 4808 1024 4830 =
1048 4801 1101 4837 oss.
1119 4783 1192 4852 δω),
1216 4799 1278 4837 oum
1303 4799 1337 4836 ex
1357 4783 1485 4851 mpori·
1502 4799 1549 4836 rs·

403 4871 480 4922 tlon·
497 4873 644 4938 posteriora
662 4875 723 4925 sint.
1405 4903 1410 4916 ·
