4109 5767
1010 288 1087 322 rm!
1106 287 1193 322 Romi

1131 356 1187 363 ..-n
1192 356 1296 363 —--—--
1300 356 1334 363 a..
1338 356 1562 365 -m-——-
1573 356 1630 363 —-
1634 358 1690 363 .-

1084 743 1135 808 14.

840 968 846 980 ·
896 942 1091 1005 Christiana
1112 942 1317 1005 admonitio.

642 1118 740 1185 Mane
763 1128 833 1183 turo
856 1140 1004 1206 surgens,
1028 1116 1150 1206 plumis
1174 1118 1215 1184 eit
1239 1119 1345 1206 prima
1367 1116 1490 1185 relictis

642 1225 731 1295 Oura
753 1226 862 1291 Deum
885 1224 1058 1310 laudare¹;
1080 1225 1144 1291 Dei
1168 1226 1347 1313 primordia
1370 1225 1454 1292 lucis

643 1334 819 1422 Accipiunt
840 1332 965 1419 laudes,
988 1332 1083 1399 cuius
1106 1344 1171 1399 sut
1194 1334 1329 1399 numine
1351 1333 1477 1400 caelum

642 1440 827 1530 Terraeque
849 1450 1038 1529 tractusque
1060 1441 1160 1505 maris
1182 1439 1319 1529 locaque
1340 1440 1471 1509 aethere
1493 1464 1595 1507 etism.

582 1570 610 1617 e.
641 1550 784 1638 Concipe
807 1560 915 1615 mente
937 1548 1047 1615 Deum
1069 1571 1213 1637 praeque
1235 1548 1291 1615 illo
1314 1560 1421 1616 cetera
1444 1560 1559 1616 temne.

643 1658 819 1722 Proximus
841 1656 928 1743 ignis
950 1656 1048 1721 homo
1067 1668 1125 1742 est,
1147 1677 1212 1744 qua
1227 1666 1264 1721 tu
1279 1679 1415 1744 quoque,
1437 1668 1523 1722 sorte
1539 1668 1688 1723 creatus:

644 1761 742 1827 Illum
766 1764 875 1828 iussus
898 1784 973 1827 ama
995 1772 1037 1846 et,
1060 1784 1124 1848 qno
1147 1772 1189 1847 te,
1211 1761 1420 1849 amplectaris
1442 1785 1560 1827 amore.

643 1866 722 1933 Odit
746 1866 822 1932 ficta
845 1867 951 1932 Deus:
974 1887 1016 1931 ne
1039 1865 1161 1931 blando
1184 1868 1331 1932 amiseris
1355 1890 1419 1952 ore,

648 1972 755 2039 Corde
778 1994 928 2061 premens
951 1972 1077 2056 odium3
1100 1970 1213 2060 procul
1238 1974 1287 2038 ira
1311 1973 1452 2039 facesset
1474 1984 1506 2039 et
1529 1972 1627 2037 uerior

564 2104 611 2147 ιο.
642 2080 834 2147 Ulciscendi
858 2081 976 2166 animo,
999 2101 1165 2168 pronaque
1187 2081 1221 2146 in
1246 2080 1385 2147 vulnera
1408 2079 1533 2146 dextra.

644 2187 776 2255 Officiis
800 2200 926 2254 certare
948 2188 1048 2273 iuvet,
1073 2188 1289 2275 prodesseque
1310 2187 1485 2277 pulchrum

644 2296 726 2361 Esse
750 2307 829 2383 pute
851 2317 1074 2382 magnumque
1096 2296 1189 2360 nefas
1212 2296 1376 2361 offendere
1398 2317 1602 2383 quemquam.

645 2403 768 2469 Verum
793 2424 920 2489 semper
943 2425 1026 2489 ama,
1050 2423 1111 2468 nec
1134 2403 1225 2467 insui
1249 2402 1385 2490 prodiga
1408 2400 1522 2488 lingua

644 2509 711 2577 Ora
735 2532 842 2592 move;
864 2508 986 2598 pudeat
1009 2532 1112 2574 vanas
1134 2508 1302 2575 effundere
1324 2531 1431 2595 voces,

564 2640 612 2683 ιι.
643 2618 686 2683 Et
709 2616 790 2683 nulli
815 2616 980 2683 credenda
1001 2616 1104 2704 loqui;
1128 2617 1272 2705 periuria
1294 2617 1364 2682 vite

644 2725 711 2792 Ocu
735 2735 868 2813 pestem,
892 2746 1068 2811 sacrasque
1090 2724 1155 2790 Dei
1179 2746 1220 2789 ne
1243 2723 1375 2789 laeseris
1398 2745 1502 2788 aures.

641 2832 710 2897 Tus
733 2831 836 2918 adole,
860 2830 1040 2919 credasque
1063 2832 1154 2919 pium
1177 2830 1390 2919 puecumbere
1412 2829 1455 2894 ad
1479 2852 1553 2894 ures

646 2939 688 3005 ut
712 2941 843 3007 veniam
867 2962 1000 3029 superos
1024 2937 1129 3005 iuultu
1150 2960 1249 3028 prece
1272 2959 1405 3028 pomero
1428 2938 1542 3006 Divos.

645 3049 725 3113 Esto
748 3058 781 3115 te
804 3048 917 3114 melior
939 3071 1080 3136 semper3
1103 3059 1135 3114 te
1158 3049 1291 3114 vincere
1314 3069 1394 3113 cura

562 3178 613 3221 so.
644 3155 791 3244 Semper3
815 3158 987 3222 avaritiam
1011 3156 1130 3243 fugias,
1153 3155 1232 3242 fuge
1254 3156 1363 3243 turpia
1384 3154 1486 3241 lucra,

646 3264 766 3329 Paucis
790 3274 970 3348 contentus,
992 3265 1081 3328 vitae
1103 3285 1187 3351 quae
1210 3261 1351 3350 postulat
1375 3284 1463 3327 usus

647 3368 699 3435 Sis
723 3378 926 3458 contemptor
948 3392 1097 3458 opum...
1121 3370 1143 3435 ⁸.
1337 3446 1340 3450 ἵ

648 3476 815 3543 Arcanum
840 3500 950 3544 serves
974 3489 1006 3543 et
1030 3478 1136 3543 umicu
1159 3476 1290 3542 silentia
1312 3474 1453 3563 linguuc.

647 3583 750 3648 Disce
773 3594 891 3669 tacere,
914 3584 1019 3649 benus
1043 3585 1183 3648 nucitum
1206 3582 1361 3669 quicquid
1385 3582 1511 3647 amicus

563 3709 612 3752 se.
643 3687 803 3772 Credidit3
827 3690 954 3754 effutire
976 3711 1079 3776 greve
1102 3700 1160 3774 est,
1183 3700 1240 3753 tua
1263 3710 1346 3773 quac
1368 3686 1474 3752 audiit
1497 3687 1596 3751 auris.

645 3794 764 3881 Noxia,
787 3795 815 3859 si
838 3795 967 3883 prodas,
992 3818 1111 3881 magno
1134 3818 1200 3860 vox
1222 3793 1368 3859 constitit
1390 3792 1478 3878 olim,
1580 3834 1583 3841 -

646 3900 746 3967 Edita
768 3924 851 3990 quac
874 3903 1000 3968 auctori
1025 3903 1145 3987 nocuit,
1169 3923 1229 3968 uec
1252 3900 1377 3990 profuit
1399 3898 1457 3986 itti,

648 4009 714 4090 Qui
739 4012 858 4098 sparsit
882 4011 1024 4099 fecitque
1048 4010 1171 4078 alienus
1196 4011 1256 4075 iret
1279 4010 1313 4074 iu
1337 4032 1441 4075 aures.

541 4129 713 4137 ..------

654 4184 660 4214 ¹
679 4182 729 4231 Per
739 4182 939 4234 anacoluthiarn
950 4182 1105 4249 quotidiano
1118 4181 1233 4231 sermoni
1246 4181 1380 4247 propriam
1395 4186 1538 4247 „surgens”
1555 4194 1601 4244 pre
1613 4192 1685 4241 „snr-

541 4271 632 4338 genti¹⁶
653 4270 727 4323 dixit.

651 4358 661 4389 ¹
680 4362 724 4413 Sic
743 4363 863 4429 utrisque
882 4362 947 4414 locis
967 4368 1103 4412 uictorum.
