4109 5767
978 1005 1006 1060 k.

773 1145 823 1203 Ad
841 1145 973 1206 Pelorus
991 1147 1098 1206 eedem
1115 1149 1154 1206 de
1171 1166 1214 1208 re

977 1291 1003 1358 L

527 1410 681 1477 Dentieui
702 1411 853 1508 Augusto
875 1413 1025 1502 regnabit
1047 1436 1125 1502 rege
1147 1416 1301 1481 eenetne?

580 1513 709 1583 Nobilis
730 1515 793 1584 hoe
816 1518 950 1608 sanguin
972 1518 1066 1607 ferre,
1087 1517 1218 1607 Polone,
1240 1518 1354 1609 putee?

527 1620 671 1690 Teedeut
692 1622 755 1692 hou
776 1645 889 1713 person
912 1624 995 1693 eueli
1017 1647 1167 1694 eonvexu
1187 1626 1273 1694 tueri

580 1728 700 1818 luetur,
723 1731 752 1797 ei
774 1729 884 1819 eentie,
905 1731 1021 1800 induet
1043 1754 1135 1800 erma
1157 1731 1257 1800 dolor.

468 1855 495 1902 e.
526 1833 623 1904 Ferte
645 1837 711 1925 uiti,
734 1835 815 1906 ferte
838 1859 929 1904 erma
949 1839 1023 1928 viri,
1045 1839 1082 1908 vi
1103 1838 1268 1908 excindite
1289 1847 1432 1929 gentem3

581 1943 675 2013 suro
697 1942 758 2013 sub
781 1944 917 2037 imperio
938 1969 1005 2014 non
1027 1945 1171 2016 uoluere:
1194 1945 1323 2016 endunt.

525 2265 581 2356 Iie,
604 2267 661 2357 qui
682 2265 843 2338 Duntieeo
865 2267 1046 2360 indulgent,
1069 2291 1111 2337 ne
1133 2266 1302 2359 indulgent
1322 2269 1360 2358 ie,
1383 2269 1439 2338 uui

579 2376 722 2465 Augusti
745 2387 794 2444 eut
816 2376 908 2446 cordi
929 2377 1046 2468 ineque
1068 2376 1233 2467 deeueqne
1254 2377 1315 2445 eni.
1553 2377 1557 2390 '

525 2483 660 2573 Legatin
681 2485 769 2575 regie
790 2486 848 2575 qui
871 2485 982 2553 elnndi
1004 2485 1132 2554 moenie
1154 2485 1259 2574 ineeit,

578 2591 642 2658 Ille
664 2601 755 2660 rotee
777 2593 812 2660 in
835 2593 946 2660 rudior
969 2592 1049 2661 inne
1070 2593 1193 2681 ligetue
1215 2601 1276 2660 eut

468 2717 495 2764 e.
525 2698 570 2763 Et
591 2697 648 2765 det
670 2698 817 2766 carnifici
838 2699 989 2789 iugulum
1011 2722 1072 2788 pro
1095 2698 1233 2766 erimine
1254 2707 1354 2786 tento,

578 2804 623 2869 Et
645 2825 706 2870 ene
728 2804 876 2872 membre
898 2806 984 2872 trntd
1007 2803 1220 2872 dilneerende
1240 2827 1350 2872 menn.

524 2909 635 2998 thue
656 2932 780 2977 memor
802 2918 943 2978 ventura
964 2909 1043 2976 olim
1065 2911 1149 2978 uniet
1169 2910 1234 2977 ieta
1256 2919 1411 2998 vetuetee,

578 3017 719 3086 Ournren
742 3015 858 3086 defixis
880 3016 943 3086 hou
966 3016 1149 3107 euperedde
1169 3016 1264 3086 rotis:

528 3124 659 3213 „Ausus
681 3123 798 3214 legatie
821 3123 950 3193 ulnneee
973 3147 1135 3216 opponere
1155 3133 1267 3216 portes

444 3251 491 3296 ιο.
575 3231 650 3299 Hoe
671 3232 745 3319 tine,
766 3231 830 3300 hoe
853 3232 940 3319 fune,
961 3231 1025 3299 hoe
1048 3232 1163 3299 sunere
1184 3231 1305 3322 dignun
1327 3233 1429 3301 urut“.

956 3445 1020 3512 IIL

524 3567 617 3649 Quae
639 3568 837 3638 Dentieeuni
858 3579 909 3638 eet
929 3592 1022 3637 mene
1044 3579 1113 3636 tem
1135 3569 1258 3636 furiata
1279 3569 1434 3636 uenatus?

576 3674 632 3742 Ad
655 3697 691 3744 ee
712 3674 836 3766 legetoe
858 3677 947 3766 regie
969 3676 1062 3744 edire
1083 3684 1182 3765 vetut,

523 3781 678 3853 Oeeludit
698 3792 809 3875 portur
832 3783 995 3876 duaeque
1018 3783 1190 3853 admittere
1211 3783 1247 3851 in
1269 3805 1373 3870 enree,

576 3893 709 3982 Legetie
732 3893 849 3982 epretin
871 3893 964 3984 regin
985 3894 1077 3960 iueee
1099 3901 1205 3982 neget

463 4020 490 4066 e.
519 3997 584 4066 Pro
607 3997 760 4090 obsequio
783 3999 903 4068 ettollit
924 4002 1042 4070 cristae
1063 4023 1186 4091 proque
1208 3999 1343 4068 enribue
1366 4022 1470 4067 armet

574 4105 751 4198 Umbunee‚
772 4109 893 4198 galeae,
915 4109 1052 4198 epieuln,
1073 4108 1140 4177 tele
1159 4115 1263 4199 peret

521 4213 562 4284 In
586 4213 714 4285 eaelum
736 4216 853 4287 ereutii
875 4217 987 4309 digitis
1009 4216 1103 4310 plebs
1125 4218 1216 4285 iunee
1237 4214 1365 4284 duobue

575 4324 670 4394 Stere
690 4335 821 4416 petrum
843 4324 974 4418 planitie
996 4325 1205 4417 arbitriieque
1224 4332 1327 4394 cavet

520 4431 625 4500 Noetu
647 4431 729 4524 vigi]
753 4432 857 4500 ueleoe
879 4443 988 4502 servet
1011 4433 1160 4501 custodie
1180 4455 1301 4519 muron,

439 4559 488 4607 ιο.
570 4539 690 4608 Omniu
713 4538 902 4628 formident,
924 4540 1034 4606 omniu
1056 4548 1152 4607 noete
1173 4560 1305 4629 pevenu

518 4645 611 4714 Luee
633 4643 752 4714 dehine
773 4655 846 4714 orte
868 4656 986 4734 uerunt,
1008 4646 1097 4734 qnod
1119 4646 1237 4734 unique
1257 4643 1416 4712 tuendum
1437 4653 1496 4732 eet,

571 4749 667 4820 Miles
690 4749 818 4840 fertque
841 4774 918 4820 enen
940 4751 977 4819 in
999 4752 1139 4820 sunone
1159 4752 1260 4822 vireu.

520 4866 665 4909 nummu.
681 4868 701 4912 1.
1413 4857 1448 4912 19
