4109 5767
1011 781 1088 817 mn
1107 781 1195 817 Romi

1132 849 1677 860 ..--.-—.-—---——-..——-

1571 863 1675 872 ..—

1055 1064 1150 1130 XIV.

638 1193 705 1262 Uia
727 1193 799 1281 fuit,
822 1193 885 1260 fnit
907 1191 985 1278 Ula;
1009 1193 1094 1258 iacet
1116 1214 1206 1259 nuno
1228 1191 1306 1276 Ula3
1329 1202 1486 1280 resurget,

691 1303 739 1371 Ut
760 1299 932 1368 Moschum
956 1322 1043 1367 nova
1065 1323 1142 1366 mox
1165 1310 1275 1367 arceat
1298 1299 1363 1367 Ula
1386 1299 1508 1390 procul.

638 1410 867 1477 Fundamenta
890 1410 970 1496 loca,
994 1409 1173 1496 1·cx,erige
1197 1407 1336 1475 molibus
1358 1408 1470 1476 Ulam:

693 1518 766 1584 Hoc
790 1518 889 1604 cupit,
912 1515 974 1582 hoo
998 1526 1096 1603 optat,
1118 1514 1181 1582 hoe
1205 1517 1366 1581 Lituanus
1389 1526 1485 1582 amat.

579 1648 607 1695 s.
637 1626 710 1694 Hoc
732 1649 814 1715 opus
837 1635 869 1691 et
892 1624 979 1692 facto
1002 1635 1061 1709 est,
1083 1645 1125 1690 ne
1148 1626 1176 1690 si
1198 1647 1276 1690 mox
1298 1634 1465 1691 construat
1487 1624 1598 1709 hostis,

693 1733 867 1799 Immineat
889 1731 1026 1820 sceptris
1049 1731 1115 1798 Ula
1137 1741 1252 1798 renata
1274 1733 1347 1797 tuis.

1068 1929 1145 1995 XV.

638 2047 692 2114 Ex
715 2045 814 2113 ululis
838 2045 942 2112 ululat
964 2068 1049 2134 quae
1072 2043 1155 2133 plus,
1178 2043 1357 2111 ululatibus
1379 2044 1478 2110 Ulum

692 2152 830 2240 Impleat
841 2156 862 2236 ¹,
885 2163 942 2216 aut
964 2151 1119 2216 Moschus
1141 2151 1216 2238 plus
1239 2150 1338 2216 ululis
1362 2150 1471 2217 ululet

1060 2343 1154 2408 XVI.

638 2458 822 2526 Aedificata
844 2467 967 2524 metum
990 2457 1142 2522 Lituanis
1164 2456 1275 2522 intulit
1297 2456 1372 2542 Ula,

692 2565 834 2631 Laetitia
855 2565 914 2631 hos
937 2563 1052 2630 eudem
1075 2585 1165 2630 nunc
1187 2563 1351 2630 labefacta
1372 2562 1484 2652 replet

638 2672 754 2742 Illuxit
777 2695 943 2762 nunquam
967 2673 1118 2738 Lituanis
1141 2673 1265 2762 gratior
1286 2673 1382 2761 ignis,

693 2782 802 2864 Quam
824 2781 929 2870 modo,
952 2804 1016 2870 quo
1039 2782 1203 2871 crepitans
1223 2782 1288 2848 Ula
1308 2791 1452 2848 cremata
1473 2804 1552 2869 rogo
1574 2792 1632 2848 est.

580 2914 607 2960 s.
638 2891 747 2975 Quam
770 2891 798 2957 si
821 2891 975 2958 continuo
998 2902 1044 2977 tu,
1067 2912 1125 2956 rex
1147 2893 1306 2979 Augusta
1328 2912 1475 2978 reponas,

693 2999 817 3066 Maiore
840 2997 991 3088 implebis
1014 3008 1103 3085 tunc,
1125 3010 1213 3087 puto,
1234 2997 1366 3065 laetitia

1049 3197 1162 3265 XVII.

639 3313 706 3380 Uls
729 3323 928 3400 renascetur,
951 3313 1182 3401 phoenicisque
1203 3313 1307 3379 instar
1329 3315 1363 3379 in
1387 3335 1484 3380 auras

695 3420 748 3487 ΕΚ
771 3422 880 3488 cinere
903 3420 974 3509 ipsa
997 3443 1057 3486 suo
1079 3418 1223 3508 proferat
1246 3419 1311 3487 Ula
1335 3430 1442 3508 eaput.

641 3529 711 3594 Fac
733 3527 949 3594 Lituanorum
972 3526 1074 3593 tutela
1097 3528 1139 3592 sit
1162 3526 1227 3593 Ula
1250 3538 1389 3614 tuorum,

695 3633 827 3720 Statque
851 3634 964 3698 minax
987 3632 1140 3718 Moschis,
1164 3644 1199 3698 ut
1223 3635 1311 3698 stetit
1334 3645 1410 3699 ante
1431 3634 1506 3699 tuis.

582 3762 608 3805 s.
639 3739 721 3805 Inde
745 3761 845 3804 manu
868 3749 1037 3826 promptus
1059 3737 1232 3804 Moschum
1255 3740 1416 3805 Lituanus
1439 3740 1472 3803 in
1495 3738 1621 3804 hostem

695 3845 737 3914 Se
760 3845 856 3929 serat3
879 3843 1012 3911 hostiles
1036 3847 1229 3934 comprimat
1251 3845 1328 3912 inde
1350 3847 1465 3911 minas.

641 3954 724 4020 Inde
748 3954 904 4040 fatigatus
927 3952 1020 4040 bello,
1044 3952 1158 4041 procul
1181 3953 1258 4019 inde
1281 3954 1424 4042 fugatus,

695 4060 850 4127 Moschus
873 4061 990 4126 mentis
1013 4061 1107 4149 inops
1130 4061 1164 4126 in
1188 4083 1248 4126 sua
1270 4071 1356 4127 tecta
1378 4072 1460 4127 ruat.

641 4167 725 4234 Inde
748 4167 828 4254 iuga
851 4168 960 4233 victus
984 4178 1120 4254 quaerat
1142 4189 1305 4255 cursuque
1328 4167 1474 4253 salutem,

561 4299 608 4342 ιο.
693 4275 736 4340 Es
758 4275 904 4363 proprios
929 4274 1035 4341 fessus
1059 4274 1165 4340 discut
1185 4297 1294 4340 amare
1316 4274 1410 4341 lares.

535 4465 743 4475 ——a-—n-

644 4570 654 4602 ¹
673 4571 815 4624 Constrne:
838 4573 894 4636 „Ex
907 4570 988 4624 ululis
1001 4570 1094 4640 (sono)
1113 4589 1154 4638 aa,
1173 4589 1242 4639 «puae
1255 4574 1316 4640 plus
1329 4573 1424 4638 ululat,
1438 4573 1586 4626 ululatibus
1599 4572 1679 4625 Ulam

534 4661 672 4730 impleat“.
704 4662 810 4713 Malim:
843 4664 883 4712 Mu
909 4662 1004 4728 ululis,
1041 4663 1127 4715 uitriat
1155 4680 1207 4730 quo
1238 4664 1297 4729 plus
1321 4680 1403 4730 «luae,
1429 4663 1577 4716 ululatibus
1599 4662 1679 4716 Ulam

537 4751 657 4819 impleat.
