4109 5767
878 633 1051 671 omme·
1465 621 1547 686 sss:

499 825 684 910 Exeutitur,
706 847 802 912 quem
825 847 890 890 non
913 824 1121 910 germanicus
1143 823 1246 890 ambit
1267 826 1416 912 amictus,

552 930 682 996 Moenia
704 930 732 995 si
755 929 885 997 Gedsni
908 929 990 997 ferte
1012 928 1124 996 subire
1145 930 1248 1017 iuvet,

500 1037 544 1102 Et
566 1058 662 1123 quem
684 1034 837 1124 pileolum
860 1036 1077 1124 gracilentum
1099 1046 1157 1102 sut
1179 1058 1283 1105 uncus
1305 1038 1425 1104 eeiuax

417 1165 466 1209 se.
548 1144 601 1210 De
623 1143 740 1231 priscis
762 1142 865 1209 Leehi
886 1143 1038 1230 gentibus
1061 1166 1133 1211 esse
1155 1143 1258 1211 deest

499 1251 593 1315 Lexe
615 1250 730 1336 feram,
753 1272 833 1338 opus
855 1259 913 1336 est,
936 1249 1160 1339 diseineteque
1181 1249 1281 1338 pullis
1300 1261 1444 1338 verrunt,

551 1354 645 1436 Quae
667 1363 787 1421 terrem
808 1365 841 1422 et
863 1355 945 1422 telos
967 1355 1197 1444 pulverulenta
1218 1366 1333 1423 terent

469 1476 472 1482 '
499 1460 601 1528 (luins
624 1483 689 1528 non
711 1471 868 1528 monstret
891 1463 991 1528 vestis
1013 1462 1203 1551 germaniee
1224 1472 1363 1551 gentem,

552 1566 724 1635 Abstiuest
746 1567 875 1636 Gedeni
898 1568 1068 1636 moenibus
1090 1568 1145 1636 ille
1167 1567 1291 1658 presul.

418 1695 466 1740 ss.
505 1673 572 1755 Qui
594 1673 718 1763 eeliges
740 1673 841 1742 multo
864 1674 937 1743 velo
960 1698 1025 1743 non
1049 1675 1166 1744 seruiet
1189 1674 1271 1744 imos

554 1781 607 1848 Ad
630 1781 721 1869 tulos,
743 1780 809 1848 illis
830 1780 886 1848 ille
908 1781 1050 1849 Polouus
1073 1782 1143 1851 erit.

500 1887 638 1958 Ouleeus
661 1889 818 1957 ineurvus
841 1891 1004 1978 vestisque
1027 1890 1162 1956 astricte
1184 1888 1332 1956 eeveude
1354 1899 1416 1975 est,

554 1995 698 2065 Leehiee
719 2006 884 2084 suspectos
907 1995 1053 2084 stregule
1075 1995 1145 2062 sols
1167 1995 1255 2062 feeit

501 2104 574 2184 Quo
596 2103 735 2192 porturis
758 2125 849 2192 equo,
871 2112 1028 2169 monstret
1050 2103 1115 2168 uisi
1138 2101 1246 2169 sidere
1268 2101 1384 2189 esudu,

419 2233 467 2277 so.
549 2211 600 2278 Ne
623 2233 733 2277 usuros
756 2210 884 2279 subeas:
909 2210 985 2278 inde
1007 2209 1150 2277 Polonus
1173 2209 1247 2278 eris.

502 2321 624 2406 Iussus,
647 2320 778 2409 siquas
802 2321 876 2405 fers,
899 2320 1037 2408 scriptas
1060 2328 1240 2386 monstrare
1262 2316 1409 2404 tabellas,

552 2427 691 2494 Prorsus
714 2426 757 2493 sd
779 2426 945 2493 abstrusos
968 2427 1134 2494 exeutiere
1158 2426 1263 2493 sinus:

393 2526 396 2532 ’
501 2533 677 2619 Formidut,
700 2554 783 2621 quse
806 2533 849 2598 sit
869 2532 988 2620 legatio
1011 2555 1099 2619 vers,
1123 2542 1263 2618 senatus,

553 2637 651 2703 Plebs
675 2638 757 2704 seist
778 2639 876 2724 iuque
898 2637 1000 2703 mulos
1022 2647 1170 2726 torqueat
1192 2659 1285 2702 urms
1306 2645 1426 2722 patres.

420 2765 467 2808 ss.
498 2743 606 2808 Mittst
628 2741 745 2807 militie
767 2750 907 2808 ermstos
930 2764 950 2807 e
972 2765 1049 2830 rege
1071 2743 1202 2807 iubetur

555 2847 695 2932 Edistis3
718 2870 783 2915 non
805 2847 877 2914 vult
899 2848 1025 2914 mittere
1048 2847 1173 2914 militie

501 2956 591 3040 Quin
613 2955 706 3022 sddit
728 2977 879 3022 numeros
902 2956 1056 3044 numeris,
1078 2978 1168 3022 erma
1190 2955 1292 3023 edieit
1314 2955 1422 3042 ermis,

554 3064 827 3156 (lompleuturque
849 3064 955 3154 magis
976 3065 1105 3132 moenie
1126 3063 1293 3132 militibus.

502 3175 674 3263 Missaque,
696 3196 779 3262 quse
800 3171 859 3241 hos
882 3172 992 3262 populi
1014 3173 1138 3261 possint
1160 3194 1365 3263 eompeseere
1388 3179 1508 3255 motus,

420 3304 469 3348 so.
551 3281 654 3370 Affigi
676 3282 788 3349 mstris
811 3281 901 3370 regia
923 3282 1012 3348 iussa
1035 3290 1133 3348 vetet.

503 3389 643 3476 Legatos
666 3387 784 3456 adeunt
808 3389 915 3477 siqui
938 3399 1032 3455 extre
1054 3389 1190 3475 moenis,
1211 3387 1330 3476 grandi

555 3493 665 3561 Poena
687 3493 894 3582 plectendum
917 3493 1062 3561 ereditur
1084 3516 1155 3561 esse
1176 3493 1278 3559 nefus.

504 3601 608 3666 llrsus
630 3599 810 3689 legatorum
833 3601 896 3667 fuit
916 3601 1024 3690 ipsum
1047 3601 1206 3688 attingere
1227 3599 1327 3666 limen

556 3706 805 3796 Suspeetusque,
828 3731 927 3776 susus
950 3707 1087 3798 quilibet
1108 3706 1191 3774 illud
1214 3716 1293 3774 eret.

422 3833 469 3878 ss.
502 3813 593 3880 Heee
615 3835 725 3879 rerum
747 3823 796 3880 est
819 3813 920 3880 fueies
943 3814 1191 3901 dentisesuique
1213 3812 1343 3897 furoris,

556 3915 612 3985 Sie
634 3917 754 3984 elmsm
776 3919 811 3984 in
835 3920 929 3986 terris
951 3943 1032 4006 gens
1055 3919 1132 3986 eolit
1155 3918 1213 3984 ille
1235 3917 1343 3983 iidem.

502 4025 666 4112 Despeeti,
690 4025 789 4113 spreti
811 4023 910 4112 legsti
933 4026 1062 4093 moenie
1082 4025 1179 4112 longe

555 4130 730 4219 Aspieiunt
752 4130 890 4218 Gedeni,
912 4153 1053 4219 ruraque
1075 4140 1169 4197 vssts
1189 4138 1312 4215 tenent,

502 4237 595 4304 Dent
615 4236 754 4306 humiles
777 4237 875 4306 villae
896 4239 1072 4329 hospitium
1095 4239 1286 4327 fumosaque
1308 4245 1403 4324 tenu,

408 4368 469 4413 se.
551 4346 650 4414 Nullo
673 4355 706 4415 et
729 4369 810 4436 quus
833 4348 952 4414 struxit
975 4347 1116 4414 rustieus
1139 4370 1214 4414 aere
1236 4369 1338 4414 esses.

503 4454 577 4536 Quo
599 4454 701 4521 vitum
724 4453 861 4522 tolerent
883 4455 1058 4544 sedentque
1081 4455 1231 4544 sitimque
1254 4454 1450 4542 famemque,

555 4563 715 4630 Dentiseo
737 4584 780 4629 ex
803 4563 890 4652 egris
913 4563 993 4630 urbe
1016 4573 1155 4652 negante
1177 4571 1299 4651 petunt.

503 4668 573 4757 Ille,
594 4669 679 4736 hosti
701 4692 806 4760 nuper
827 4671 884 4758 qui
904 4669 1006 4737 lautis
1028 4670 1118 4737 misit
1140 4670 1246 4756 Erico,
