4109 5767
1049 295 1127 333 Hm
1146 295 1234 336 ΙΟῘΙΙΙ

1060 576 1228 643 XXXVI.

676 704 788 773 Nubat
810 705 915 795 virg0,
938 705 1051 793 nequit
1073 705 1204 771 veneris
1226 728 1310 794 quae
1333 706 1467 772 vincere
1490 704 1652 789 flarrrmas3

731 813 832 880 Nulla
854 814 974 881 etenim
998 813 1129 881 Christo
1151 814 1249 880 tertia
1271 815 1340 880 vita
1363 813 1479 903 placet.

1053 1010 1237 1078 XXXVII.

675 1132 741 1214 Qui
764 1156 829 1200 non
853 1143 902 1201 est
925 1134 1055 1200 caelebs
1078 1143 1110 1201 st
1134 1156 1169 1201 sa
1191 1146 1290 1221 negat
1312 1156 1384 1200 essa
1408 1136 1570 1219 maritum,

732 1240 871 1308 Gratum
897 1241 983 1308 idem
1007 1264 1125 1329 supero
1149 1265 1184 1308 se
1206 1252 1305 1327 negat
1327 1264 1398 1307 assa
1421 1241 1502 1307 Deo.

1039 1436 1243 1504 XXXVIII.

677 1561 784 1641 Quem
806 1584 872 1627 non
895 1562 963 1628 vita
988 1564 1079 1628 iuvat
1102 1562 1241 1649 caelebs,
1264 1563 1404 1628 conubia
1426 1573 1575 1651 quaerat:

730 1669 904 1735 Praeterea
926 1679 976 1734 ast
998 1669 1122 1734 homini
1145 1669 1264 1734 noxius
1288 1670 1393 1734 omnis
1416 1691 1516 1734 amor.

1055 1860 1225 1928 XXXIX.

644 2032 646 2038 -
674 1986 750 2051 Non
773 1996 909 2073 quaerat
931 1985 1100 2074 thalamos,
1123 1985 1253 2052 suboles
1276 1987 1330 2053 aui
1353 1987 1442 2053 vieta
1464 1985 1603 2070 Dionem

729 2092 793 2159 Illa
816 2095 937 2160 etenim
960 2091 1099 2159 multum
1124 2096 1193 2159 vita
1216 2094 1338 2160 laboris
1359 2093 1465 2159 habat.

1104 2289 1178 2354 XL.

674 2413 803 2479 Uriturz
827 2414 1016 2499 exstinguat
1032 2414 1197 2503 'permisso
1220 2412 1373 2479 inuendia
1396 2412 1493 2492 laet0;

729 2518 803 2583 Non
826 2532 875 2585 ast
898 2530 1077 2607 praeterea,
1099 2542 1197 2607 quam
1221 2531 1309 2586 secat
1330 2519 1386 2584 ille
1409 2520 1508 2585 viam.

1092 2712 1183 2780 XLI.

562 2844 565 2849 '
669 2838 866 2925 Virgineam
889 2836 984 2904 tollas
999 2840 1112 2935 'vitam
1136 2849 1168 2903 at
1191 2861 1273 2927 quaa
1296 2838 1415 2906 deinde
1437 2839 1556 2904 murita
1578 2848 1637 2926 est,

728 2947 878 3014 Ulterius
901 2947 958 3036 nil,
981 2947 1068 3037 qumi
1092 2949 1160 3015 vitu
1183 2959 1347 3037 suquatur,
1368 2946 1475 3015 habat.

1083 3142 1193 3210 XLII.

675 3266 781 3352 Virgo
804 3265 919 3353 placet,
941 3265 1049 3355 planet
1071 3278 1104 3332 et
1127 3269 1261 3350 coniux3
1283 3238 1368 3354 quaa
1390 3268 1487 3333 tertia
1509 3268 1578 3331 vita
1600 3276 1659 3352 ast,

729 3373 818 3437 Mors
842 3382 900 3457 ast,
924 3374 1058 3438 interitu
1082 3373 1292 3439 dissoluenda
1314 3396 1383 3439 suo,

1079 3566 1206 3632 XLIII.

675 3689 813 3756 Orrulebs
836 3701 906 3758 asto
929 3692 1034 3757 torive
1057 3714 1193 3780 saquuru
1216 3694 1352 3759 maritus
1375 3692 1544 3774 lmrmruru3

730 3796 785 3862 Nil
809 3798 937 3884 dehine,
961 3799 1048 3887 quod
1071 3801 1184 3865 varius
1208 3802 1350 3866 muudus
1372 3800 1519 3866 honestet
1543 3801 1650 3872 habet.

1069 4011 1213 4078 XLIIII.

676 4144 727 4209 Tu
751 4142 916 4212 Christum
941 4146 1069 4213 caelebs
1093 4146 1247 4214 taedaave
1270 4150 1397 4215 imitam
1421 4147 1561 4237 iugules:

731 4250 851 4319 Srmuta
874 4254 968 4341 haum
992 4267 1134 4321 tmmreo
1157 4268 1265 4323 aetum
1287 4256 1388 4325 radda
1411 4260 1506 4347 lmtri.
