4109 5767
444 380 596 402 ’.ΞΓ-Τ·-

554 504 700 592 Frigenti
724 514 822 593 queat
844 527 980 570 exarare
1004 504 1128 591 dextre,

552 611 641 676 Urbe
664 612 750 699 quod
774 611 878 677 Romu
901 610 997 699 legat,
1020 611 1106 699 quod
1126 611 1304 677 -Aleietnst

552 718 657 798 Quem
681 717 817 784 Ticinus
840 718 933 805 equis
956 728 988 784 et
1011 741 1108 784 umne
1130 727 1197 783 toto

473 848 518 890 ιο.
549 824 737 891 Consistens
760 834 852 913 puter
874 824 979 891 audiit
1002 825 1173 891 docentem

551 931 766 1020 Neptunoque
790 954 866 997 sues
888 932 1023 1020 negavit
1048 930 1160 997 nudes.

552 1039 658 1119 Quem
681 1038 789 1105 eeisee
810 1040 891 1127 ¹Pius
914 1041 1091 1129 imperator
1114 1038 1253 1125 aethrae,

552 1146 730 1212 'serrarum
753 1146 905 1213 domiuus
928 1146 1106 1237 Stygisque
1128 1147 1250 1234 nigrae,

553 1251 607 1318 Ad
630 1253 717 1340 ripes
741 1254 870 1319 Tibris¹
895 1252 1072 1319 udvoeevit
1093 1254 1194 1340 aurei,

473 1382 520 1425 is.
544 1360 687 1425 Aruruni
711 1360 804 1425 dutor
827 1370 912 1427 esset
934 1368 971 1427 ut
993 1382 1171 1446 euenerunt,

554 1466 646 1547 Quae
669 1466 748 1532 dunt
771 1477 845 1533 ture
866 1468 939 1533 Deo
962 1490 1138 1555 prooesque
1161 1466 1304 1533 fundunt

554 1571 607 1636 Ad
631 1572 787 1658 sedesque
810 1574 899 1637 viam
922 1581 1039 1659 perant
1062 1594 1228 1659 perennes,

553 1676 608 1759 Ut
631 1698 695 1763 que
718 1676 766 1741 sel
791 1676 890 1743 mieet
911 1685 1002 1741 ortes
1024 1676 1242 1763 ooeideusqee

554 1780 769 1871 Ostenditque
792 1782 878 1849 lutus
902 1805 998 1849 suum
1021 1782 1175 1851 demtum

473 1910 520 1955 so.
551 1888 755 1977 Diuquusuus
778 1890 873 1955 iuliae
895 1888 973 1955 hine
995 1900 1028 1955 et
1051 1889 1129 1955 iude
1150 1888 1256 1975 terris,

555 1994 625 2061 Illis
649 1996 781 2063 inclitus
804 1996 954 2063 Aleietus
976 1998 1043 2063 oris

554 2104 719 2189 Cantetur,
743 2103 924 2171 celebretur
945 2113 978 2168 et
1001 2102 1135 2169 eoletnr.
1196 2159 1198 2162 .

555 2209 589 2277 Si
614 2211 789 2299 septentrio
812 2210 858 2276 nil
883 2211 992 2296 rigens
1015 2208 1068 2275 vel
1092 2217 1199 2275 eretoe

555 2317 700 2401 Fuigenti
725 2328 822 2405 queat
844 2338 979 2383 exerere
1001 2314 1127 2400 dextre,

471 2443 520 2489 es.
551 2422 647 2504 Quod
671 2422 724 2489 vel
748 2423 852 2489 Romu
874 2422 961 2511 leget
985 2421 1038 2489 vel
1062 2420 1226 2488 Aleietus:

555 2531 691 2597 Idunum
715 2531 815 2617 mitto,
838 2530 926 2619 leget
948 2531 1034 2619 quod
1058 2528 1217 2597 Aloietus.

555 2640 674 2706 Nostra
698 2638 808 2705 fersun
831 2640 894 2705 erit
917 2661 1015 2705 mene
1039 2646 1194 2724 notatum,

553 2748 620 2812 Nos
644 2747 726 2813 alter
749 2746 860 2813 doeuit
882 2745 969 2835 qued
993 2745 1152 2829 Alcimus,
1184 2809 1188 2816 .

554 2853 714 2933 Andreas,
737 2853 837 2919 deeus
860 2854 957 2937 erbis,
982 2852 1140 2936 Alointus‚

472 2982 519 3024 eo.
552 2961 580 3023 A
604 2981 677 3046 quo,
699 2958 785 3045 quod
809 2982 931 3041 eumue,
953 2980 1024 3023 esse
1047 2981 1107 3023 nos
1129 2958 1279 3023 fatemur.

555 3064 643 3149 Ergo
666 3064 694 3127 si
717 3085 790 3127 nien
813 3064 940 3147 temnis,
961 3060 1100 3145 Alcime,

554 3168 748 3235 Doetriuuin
771 3168 879 3255 putrui
903 3167 973 3234 cele
995 3166 1127 3253 Aleion,

431 3270 433 3275 ’
554 3275 673 3343 Nostro
696 3275 722 3342 si
747 3298 812 3365 que
836 3274 919 3342 libre
941 3274 1069 3342 renidet
1093 3278 1261 3364 nequeunt

559 3549 683 3603 'Poetae
701 3550 803 3601 romoni
823 3550 911 3615 potius
930 3551 1016 3599 torsus
1037 3548 1212 3613 „Thybridis⁸
1233 3548 1387 3599 etobsntnr.

557 3636 568 3667 ¹
586 3640 702 3704 Roystus
720 3639 827 3691 Aleisto
847 3638 1001 3690 Deeisiones
1020 3652 1083 3687 sues
1102 3652 1127 3687 a„
1147 3634 1217 3690 156³
1229 3636 1316 3688 editu
1333 3651 1394 3687 enm
1408 3634 1458 3685 hoe
1470 3633 1589 3685 armins

448 3728 552 3778 iuisieuo
572 3728 686 3779 videtur.
