4109 5767
1140 743 1268 779 mas
1305 742 1359 778 rs
1397 743 1686 780 romrncns
1721 741 1855 779 iux.
1894 743 2103 779 noerae.
2630 728 2761 794 263

1574 1742 1681 1812 27.
1775 1718 1782 1723 ’

1408 1935 1825 2020 DIRAE

846 2131 975 2198 IN
1049 2131 1828 2201 PONTIFICIS
1901 2133 2401 2201 MAXIMI

1046 2273 1405 2328 romanaeque
1423 2258 1589 2358 ‘illius
1626 2259 1926 2313 malestatis
1963 2258 2144 2314 hostes
2162 2257 2193 2313 ⁸.

690 2433 1113 2501 Exstinctum
1157 2436 1271 2523 qui
1316 2435 1460 2502 vult
1507 2457 1715 2524 papae
1760 2434 2135 2504 venerabile
2180 2458 2433 2522 nomen,

801 2538 1250 2607 obliviscatur
1293 2541 1575 2606 nominis
1620 2539 1732 2607 ille
1776 2542 1897 2607 sui.

690 2645 748 2710 N
754 2666 830 2711 cc
875 2656 1059 2734 patre
1102 2670 1230 2735 quo
1275 2648 1554 2735 genitus,
1600 2669 1723 2714 nec
1766 2669 1897 2735 qua
1944 2647 2029 2712 sit
2075 2656 2282 2713 matre
2327 2656 2603 2732 creatus,

798 2752 1054 2837 Dicere,
1101 2774 1224 2819 nec
1268 2774 1399 2840 qua
1444 2753 1527 2817 eit
1573 2761 1767 2819 natus
1812 2753 1882 2817 in
1930 2750 2110 2838 urbe,
2156 2762 2364 2840 queat.

573 2876 626 2919 a.
692 2856 1036 2924 Humanae
1080 2856 1320 2924 oblitus
1362 2867 1655 2945 naturae,
1701 2858 1870 2925 lucis
1915 2867 2170 2924 amatae

797 2963 1064 3032 Nesciat
1107 2975 1390 3054 exortus,
1435 2966 1685 3034 nesciat
1730 2964 2089 3033 occubitus.

691 3073 973 3164 Ignorat,
1018 3073 1130 3164 qui
1176 3073 1278 3163 sit,
1321 3084 1640 3143 terrarum
1686 3073 1924 3143 oblitus
1969 3082 2035 3142 et
2081 3071 2359 3164 aethrae,

799 3182 1208 3272 Ignoratque,
1251 3193 1436 3251 tener
1479 3185 1564 3250 sit
1606 3205 1770 3273 puer
1812 3205 1982 3250 anne
2028 3206 2248 3250 senex.

692 3290 974 3377 Ignoret,
1019 3311 1152 3358 nox
1198 3310 1369 3359 anne
1413 3290 1572 3380 dies,
1617 3311 1905 3380 quasque
1950 3290 2195 3358 incolat
2239 3313 2403 3378 oras,

534 3418 624 3460 ιο.
790 3394 1044 3463 Incolat
1088 3421 1173 3463 an
1217 3408 1442 3485 terrae,
1486 3397 1728 3465 incolat
1773 3416 1943 3465 anne
1988 3397 2217 3464 salum.

689 3503 988 3568 Dormiat
1034 3526 1119 3569 an
1165 3504 1411 3592 vigilet,
1458 3514 1765 3571 cernatne
1810 3526 1895 3569 an
1942 3526 2179 3570 caecus
2224 3505 2495 3591 oberret,

794 3609 936 3675 Nec
981 3609 1109 3675 sari
1152 3611 1374 3698 possit,
1418 3632 1541 3677 nec
1584 3611 1751 3677 sciat
1794 3609 1904 3676 ille
1949 3611 2125 3675 satis.

688 3715 835 3781 Non
881 3715 1113 3803 vigilet
1157 3714 1423 3783 dulcive
1467 3716 1736 3784 inclinet
1780 3716 2031 3783 lumina
2079 3739 2321 3803 somno,

794 3823 936 3890 Nec
979 3824 1207 3912 iaceat,
1253 3846 1376 3892 nec
1420 3835 1562 3910 stet,
1608 3846 1730 3892 nec
1773 3834 1992 3891 tamen
2037 3823 2151 3891 ille
2197 3823 2409 3891 cubet.

694 3994 712 4026 ¹
748 3999 943 4050 Exstat
976 3996 1079 4051 hoc
1115 4015 1332 4052 carmen
1369 4016 1532 4051 manu
1567 4001 1826 4067 scriptum
1875 3995 1931 4050 in
1983 3994 2157 4050 tribus
2196 3999 2497 4051 codicibus:
2549 3999 2606 4050 in
2645 4015 2761 4050 cor-

480 4082 686 4136 nicensi
721 4083 829 4152 (pg.
867 4083 974 4139 265
1008 4088 1160 4156 sqq.),
1196 4085 1255 4138 in
1290 4085 1554 4139 ossolineo
1588 4084 1694 4155 (pg.
1731 4070 1994 4154 noum.)
2032 4091 2089 4136 et
2126 4084 2183 4137 ln
2210 4084 2394 4139 codice
2417 4085 2763 4139 miscellaneo

478 4170 838 4225 bibliothecae
875 4188 1161 4227 caesareae
1196 4176 1621 4242 petrepolitanae
1656 4174 1869 4242 (charta
1905 4173 2011 4242 26).
2064 4175 2128 4225 In
2164 4173 2259 4225 mo
2296 4174 2480 4227 codice
2516 4180 2762 4241 petrepo-

477 4260 646 4311 litano
682 4259 763 4312 ita
795 4260 1128 4315 inscribitur:
1173 4265 1370 4328 „Dirae
1405 4280 1500 4330 pro
1531 4262 1939 4330 Polyhymnia“‚
1976 4262 2169 4315 deinde
2195 4263 2363 4330 primo
2388 4276 2549 4314 versu
2573 4263 2761 4329 legun-

478 4355 564 4400 tur
615 4349 765 4404 baec:
826 4352 1197 4418 ¹‚lliatstinctum
1244 4353 1336 4421 qui
1385 4354 1502 4405 vult
1538 4360 1791 4418 vestrum,
1843 4353 2218 4420 Polyhymnia,
2267 4355 2511 4405 nomen'‘.
2569 4353 2764 4406 Cetera

477 4440 819 4494 consentiunt
853 4459 976 4496 cum
1013 4443 1114 4497 hoc
1151 4450 1318 4509 textu,
1367 4460 1523 4512 quem
1574 4444 1642 4495 ad
1679 4444 1890 4498 codices
1931 4443 2303 4498 corniconsem
2348 4448 2403 4494 ot
2438 4442 2759 4495 ossolinonm

476 4531 714 4597 exhibui,
751 4539 963 4600 praetor
998 4549 1048 4588 r.
1076 4531 1198 4589 159.
1237 4533 1341 4586 Sed
1377 4527 1574 4587 codicis
1600 4531 1978 4602 petrepolitanl
2010 4533 2321 4586 memoriam
2346 4530 2541 4601 sprevi,
2580 4539 2761 4599 utpote

474 4623 586 4676 iam
622 4621 726 4677 hac
763 4639 820 4677 rs
857 4629 1178 4690 suspectam,
1214 4624 1354 4692 quod
1388 4625 1521 4677 illud
1564 4626 1863 4691 „vestrum⁸
1906 4621 2065 4693 primi
2103 4634 2289 4676 versus
2328 4622 2396 4676 ad
2432 4622 2758 4691 singularem

475 4728 755 4764 numerum
791 4714 1212 4781 ‚Polyhymnia“
1252 4732 1357 4767 non
1395 4711 1639 4783 quadrat.
1678 4715 1981 4769 Genuinum
2020 4720 2230 4766 textum
2259 4725 2449 4765 manus
2480 4712 2760 4765 cuiusdam

474 4801 600 4854 fidei
637 4801 937 4855 catholicae
974 4800 1178 4857 inimici
1214 4810 1450 4856 mutasse
1488 4805 1713 4856 videtur.
1754 4805 1906 4856 Cous.
1945 4818 1994 4855 v.
2038 4800 2111 4856 89
2147 4817 2260 4869 sqq.
