4109 5767
848 791 885 829 ιιι
903 793 944 829 η.
964 791 1107 830 oruoururr.
1479 778 1546 845 211

516 983 643 1053 Obruta
665 1008 731 1051 non
755 985 884 1053 nebulis
907 985 991 1073 ullis,
1014 1008 1081 1052 non
1104 986 1247 1054 nubibus
1270 985 1355 1055 ullis.

607 1093 669 1160 uia
692 1116 762 1183 ege>
794 1116 909 1182 rumpe
931 1117 1047 1181 mores,
1070 1093 1234 1183 Vilneque
1255 1117 1405 1184 egressum
1427 1106 1550 1188 opertu,

433 1220 484 1266 so.
515 1239 559 1286 ·.·
582 1201 647 1268 Per
668 1223 779 1289 regern
803 1200 880 1268 licet
900 1201 1089 1288 Angustum
1111 1240 1156 1251 —
1178 1201 1344 1269 succedito
1366 1204 1501 1294 campis,

517 1307 601 1372 Lete
623 1305 856 1396 borystheness
879 1329 944 1394 qne
965 1316 998 1373 te
1019 1307 1075 1373 vis
1097 1306 1193 1374 (lucit
1211 1307 1255 1374 ud
1277 1306 1360 1375 ores.
1514 1334 1517 1341 ·

518 1411 649 1477 Durum
671 1420 771 1478 restet
793 1412 864 1498 iter,
886 1449 930 1461 -
953 1410 1073 1477 durum
1094 1412 1252 1500 patientis
1274 1413 1396 1500 vincet,
1419 1452 1465 1464 -

516 1516 581 1584 Per
604 1516 738 1606 populos
762 1518 874 1606 inopes
897 1526 930 1585 et
951 1526 1064 1606 gentes
1087 1518 1234 1584 omnium
1255 1541 1376 1608 egenus

518 1625 742 1714 Expertesque
763 1626 869 1692 omnis
892 1625 1000 1693 cultus
1022 1636 1054 1694 et
1076 1626 1175 1693 moris
1198 1625 1333 1695 honesti.

435 1751 487 1798 ιι.
517 1730 666 1814 Quorum
689 1756 755 1800 non
777 1734 904 1802 Cereris
926 1733 1028 1802 lectus
1050 1735 1185 1822 ignavis
1206 1735 1318 1822 fruges

517 1837 626 1924 Novit,
648 1862 714 1905 non
737 1861 854 1906 suaves
877 1839 1013 1926 fructus,
1036 1863 1102 1906 non
1124 1839 1235 1906 dulcis
1256 1840 1381 1909 Bacchi
1514 1865 1519 1873 ·

518 1945 656 2011 Munera
678 1945 741 2011 fert
763 1945 869 2030 tellus,
892 1969 958 2012 non
981 1945 1116 2012 delicias
1139 1967 1325 2033 campanus.

519 2047 662 2136 Semper
675 2058 769 2116 atrox
791 2049 838 2116 ibi
861 2050 965 2117 saevit
987 2049 1091 2117 hiems
1113 2059 1145 2117 et
1167 2049 1288 2138 frigore
1311 2060 1415 2118 terres

519 2154 720 2244 Constringit
743 2156 812 2243 iugi
835 2155 1020 2246 rigidisque·
1036 2156 1243 2246 aquilonibus
1266 2158 1340 2224 urit

438 2283 486 2329 ro.
517 2261 699 2330 Roboribus
723 2263 808 2331 mele
830 2265 1017 2353 compositis
1039 2287 1117 2333 cusu
1140 2265 1245 2353 surgit
1267 2266 1404 2354 agrestis

521 2369 734 2458 Hospitioqne
756 2375 867 2460 petet¹
890 2372 1044 2460 fumoque
1066 2373 1231 2460 nigrantia
1253 2382 1347 2439 tectu.

521 2477 557 2545 Si
580 2499 697 2567 corpus
720 2501 835 2546 curere
857 2479 957 2566 iuvet,
980 2478 1026 2546 nil
1050 2479 1191 2568 suppetit
1212 2478 1338 2568 hospes.

520 2585 604 2650 Atre
626 2607 716 2652 ceres
739 2586 873 2673 victum,
897 2587 1016 2653 durum
1039 2586 1095 2653 dut
1117 2597 1204 2654 terre
1226 2585 1343 2673 cubile,

521 2691 644 2758 Pocnle
667 2693 746 2759 dent
769 2693 874 2760 fontes
897 2694 1033 2760 fusueve
1055 2716 1113 2781 per
1134 2694 1201 2758 inre
1223 2692 1360 2781 paludes

440 2819 488 2865 rs.
519 2798 756 2886 Stagnantesve
778 2798 879 2866 lucus.
901 2798 1014 2866 Recdu
1038 2801 1100 2865 nisi
1123 2798 1216 2866 dives
1238 2809 1356 2866 onusta

521 2905 720 2996 Ingrediens
742 2907 812 2994 iter,
835 2908 957 2996 petiere
980 2907 1164 2997 tenuemque
1186 2907 1338 2997 sitimque

521 3014 564 3081 hit
588 3013 709 3082 frustm
731 3014 774 3081 ed
796 3015 938 3104 petrium
961 3025 1131 3084 convertes
1152 3015 1278 3082 lumine
1299 3013 1437 3101 cselunu

520 3123 707 3190 Mensarum
732 3146 862 3211 memor,
884 3121 1053 3212 hesperius
1075 3146 1156 3212 ques
1178 3123 1310 3190 instruit
1332 3122 1458 3211 hospes.

612 3229 677 3298 Sed
699 3230 747 3296 nil
768 3239 801 3296 te
822 3230 904 3297 hssc
926 3239 1088 3296 moveant.
1117 3230 1180 3298 Per
1202 3229 1301 3296 duros
1324 3230 1413 3296 ferne
1427 3227 1556 3296 labores

440 3355 489 3401 ιο.
520 3333 709 3419 Quaeritur3
732 3358 775 3403 ex
797 3335 888 3402 molli
910 3359 975 3402 non
999 3337 1104 3423 surgit
1125 3335 1230 3424 glorie
1251 3335 1372 3424 plume„

520 3439 614 3521 Quae
635 3463 787 3528 memoro,
809 3464 942 3530 pessum
963 3441 1102 3530 hospitio
1124 3451 1157 3508 te
1177 3441 1332 3508 Moschus
1355 3441 1462 3508 arnico

521 3547 672 3636 Excipiet
695 3549 885 3637 iussumque
908 3547 982 3614 eltis
1005 3548 1181 3615 succedere
1203 3548 1298 3615 tectis

520 3654 648 3721 Pronus
670 3654 850 3742 honorabit,
872 3654 961 3743 letis,
984 3676 1170 3743 suspensus,
1193 3654 1235 3720 ab
1259 3652 1340 3720 urbe

522 3760 616 3841 Quae
639 3761 794 3828 mundate
816 3761 912 3848 feres,
936 3761 1085 3830 caelestis
1107 3761 1225 3828 innitor
1247 3759 1342 3827 aulae

441 3886 489 3933 ιι.
520 3865 609 3947 Quid
631 3867 745 3934 iubeat
763 3868 851 3955 Pius,
874 3867 1014 3936 aetherei
1037 3869 1112 3957 pins
1135 3877 1249 3934 auctor
1269 3867 1409 3954 honoris,

521 3973 730 4041 Moschorum
752 3977 851 4063 genti,
873 3997 971 4063 qnam
994 3999 1060 4042 non
1083 3974 1203 4041 oblitus
1225 3974 1331 4041 odivit

522 4078 573 4144 Ao
596 4077 682 4145 ultro
703 4102 761 4168 per
783 4091 815 4146 te
837 4080 998 4169 Capitolia
1020 4081 1064 4147 ed
1086 4080 1153 4147 ulte
1175 4082 1315 4167 vocavit,

522 4182 576 4249 Ad
599 4186 785 4274 sociumque
808 4185 904 4254 iidem
927 4196 960 4254 et
981 4209 1133 4254 verorum
1157 4187 1235 4254 funs
1258 4208 1434 4254 sacrorum.

610 4291 693 4360 Inde
715 4303 772 4360 tuo
795 4294 937 4381 functus,
960 4294 1095 4381 (banchi,
1117 4316 1251 4362 munere
1273 4293 1412 4360 Romsrn

440 4419 489 4467 ιο.
520 4399 711 4468 Muneribus
733 4401 837 4470 lectus
859 4412 983 4492 repetes
1006 4401 1193 4491 ingentibus
1216 4401 1339 4489 urbem,

522 4509 761 4600 Assuctumque
784 4509 900 4580 lriemis
922 4509 1021 4578 duros
1045 4511 1182 4579 tolcrure
1204 4510 1343 4599 labores,

524 4849 532 4880 ¹
553 4852 678 4903 Fortasse
698 4855 822 4915 „persor
843 4850 951 4916 scripsit
971 4850 1094 4913 ltoysins.
