4109 5767
825 780 953 815 rnxrsrsx
971 781 1104 816 ιιιιιιιτι.
1471 762 1533 827 141

395 847 513 857 —-..--

395 862 500 870 ῃ.

501 968 703 1058 Intrepidum
725 979 867 1036 mentem
887 968 1094 1057 grandesque
1116 970 1274 1037 imitarier
1296 992 1395 1036 susus
1407 974 1427 1035 ¹.

400 1097 468 1141 ιιι.
593 1077 680 1142 Vive
701 1077 766 1143 Dei
789 1075 919 1144 mollem
942 1076 1099 1163 oedifioet,
1123 1100 1220 1165 quum
1244 1099 1344 1145 sones
1365 1076 1487 1165 templu

417 1251 421 1257 ,
502 1182 711 1271 Eduotssque
734 1182 846 1249 domos
868 1183 965 1249 ostris
987 1192 1020 1249 et
1042 1192 1129 1251 teoto
1152 1182 1293 1271 superbe
1342 1238 1346 1246 .

503 1289 644 1356 Etrusco
666 1288 826 1357 sebrioutn
848 1311 961 1355 menn:
985 1298 1061 1356 sunt
1084 1289 1216 1378 regibus
1237 1288 1296 1357 illu
1365 1290 1368 1297 '

502 1396 590 1485 Apta
611 1397 730 1483 megis3
752 1395 835 1463 bene
857 1396 1002 1485 pontifici
1026 1396 1088 1463 sub
1110 1419 1252 1486 paupere
1273 1405 1358 1464 teoto
1381 1405 1439 1484 est,

504 1501 611 1569 Nullis
633 1502 754 1591 insigni
778 1505 894 1572 statuis
915 1514 948 1572 et
971 1505 1113 1593 imagine
1136 1503 1235 1573 nullu

402 1632 469 1677 ιιι.
504 1610 593 1693 Quid
617 1611 813 1681 sumulorum
836 1638 962 1703 agmen,
985 1615 1140 1683 uomitum
1163 1612 1241 1705 quid
1264 1612 1389 1681 inutilis
1413 1636 1492 1681 usus

504 1721 842 1812 Quadringentorum?
863 1734 896 1792 et
919 1726 1043 1793 eiroum
1066 1734 1215 1813 torquata
1238 1725 1412 1791 iuventus?

504 1831 635 1898 Laseivi
658 1832 750 1899 lusus
772 1856 947 1921 puerorum
968 1844 1001 1900 et
1023 1832 1133 1899 mollia
1155 1832 1265 1919 verbs,

505 1937 762 2028 Seurrerumque
784 1940 869 2005 seles
891 1952 923 2006 et
945 1940 1086 2005 ementis
1108 1938 1246 2027 prunulis
1268 1938 1409 2004 turbae?

505 2042 678 2131 Suspectus
701 2043 820 2110 habeut
841 2044 988 2130 blundus,
1010 2056 1044 2109 et
1066 2043 1163 2111 dulos
1185 2044 1353 2132 loquentes

402 2166 470 2210 rso.
504 2146 660 2232 Preesuli,
683 2159 769 2215 umet
790 2172 906 2215 verum
928 2148 1017 2215 diost
1040 2148 1092 2215 vel
1115 2170 1229 2215 sourre
1249 2147 1302 2213 vel
1326 2147 1437 2213 audax

505 2250 675 2335 Servulus3
697 2254 824 2321 intorsit
846 2253 937 2340 nihil,
959 2256 1020 2320 iste
1043 2256 1085 2320 sit
1107 2264 1221 2321 snotor
1243 2275 1285 2319 en
1308 2253 1364 2319 ille

501 2356 646 2443 Consilii,
668 2359 754 2447 quod
778 2382 835 2427 seu
858 2361 962 2448 pietas
985 2382 1043 2426 sen
1065 2382 1144 2426 veru
1165 2368 1313 2447 reponent

504 2462 631 2550 Religio
653 2465 731 2530 iusti
753 2474 810 2531 sut
833 2475 942 2533 eustos
964 2465 1104 2532 eeclesia
1127 2466 1234 2550 moris,

503 2567 590 2643 Nem
612 2570 641 2634 si
663 2592 743 2636 vers
764 2572 856 2654 feret,
879 2572 907 2637 si
930 2572 1158 2637 convenientia
1176 2579 1271 2655 retro,

406 2692 472 2736 tes.
507 2670 631 2761 Siqua
652 2674 705 2741 vel
724 2675 808 2742 ratio
830 2675 882 2743 vel
904 2675 959 2743 lex
982 2676 1034 2743 vel
1058 2676 1202 2741 maxims
1223 2674 1333 2763 legum

505 2780 713 2849 Consuetudo
735 2793 854 2872 monet,
876 2793 982 2851 eustos
1005 2792 1134 2851 servata
1156 2806 1214 2872 per
1236 2789 1371 2849 ennos’.

594 2889 772 2959 Illeoebrue
794 2915 836 2960 ne
858 2903 890 2961 te
912 2893 1049 2981 rapiant,
1073 2914 1134 2959 neo
1157 2891 1254 2958 inune
1277 2890 1398 2959 oeduei

506 2995 640 3085 Imperii
662 3021 789 3087 nomen,
812 3022 873 3068 noo
895 3023 1000 3068 venue
1021 3000 1127 3089 glorio
1150 3000 1268 3066 fumus:

506 3103 625 3171 Festus
647 3129 847 3197 pompasque
868 3131 909 3176 ue
930 3107 1046 3175 luxum
1069 3107 1174 3175 bonus
1197 3106 1304 3174 oderis
1327 3128 1467 3193 omnem,

404 3231 473 3276 rso.
507 3210 764 3303 l'uuperiemque
786 3217 883 3303 eules,
906 3239 1005 3306 quum
1027 3214 1177 3285 Christus
1199 3215 1322 3282 umuvit
1343 3214 1446 3282 Iesus.

511 3319 611 3387 Hune
631 3322 759 3389 imitere
779 3323 906 3408 volens3
929 3346 1006 3389 num
1030 3346 1114 3411 quoe
1136 3322 1299 3389 dementia
1321 3330 1446 3388 nostros

508 3426 604 3514 Cepit
625 3428 816 3515 pontilioee?
838 3428 925 3495 mule
947 3452 1031 3517 quse
1053 3430 1187 3496 surisvit
1210 3429 1333 3518 Erinys

508 3532 551 3596 Et
573 3542 657 3599 totas
677 3535 805 3601 miseris
827 3537 950 3601 emovit
973 3535 1108 3601 cardine
1129 3535 1277 3601 mentes?

508 3637 615 3717 Quem
637 3639 709 3705 vult
730 3640 925 3729 pontificem,
948 3651 1015 3708 toto
1040 3641 1097 3707 vix
1121 3639 1224 3708 edidit
1247 3662 1302 3706 ore

406 3764 474 3808 rus.
508 3744 576 3811 Rex
599 3745 685 3834 pius,
706 3746 770 3833 ille,
793 3769 870 3813 suus
892 3749 998 3836 prime
1020 3757 1057 3814 ut
1079 3770 1146 3814 vox
1168 3747 1276 3835 attigit
1298 3768 1402 3831 eures,

509 3850 586 3916 Mox
609 3853 727 3918 animis
749 3855 862 3941 pietus,
885 3863 1001 3920 ornent
1023 3876 1106 3941 quae
1128 3862 1223 3939 tecta,
1245 3862 1372 3941 tapetes

509 3956 659 4044 Oonoipit
680 3968 712 4024 et
734 3960 836 4025 variis
859 3959 1014 4025 distinete
1037 3958 1152 4025 uulueu
1174 3959 1289 4046 figuris

507 4062 716 4152 Argentoqne
738 4088 855 4149 graves
878 4064 997 4130 nbeoos
1021 4075 1118 4151 utque
1141 4086 1255 4151 aspere
1278 4064 1382 4149 signis

507 4166 630 4233 Pocula
652 4167 819 4235 Phidieeis
843 4168 1100 4257 fundentemque
1122 4191 1177 4234 ore
1198 4169 1375 4234 drsoonem

405 4292 474 4337 uo.
508 4272 664 4340 Convivis
686 4273 838 4364 lymphas
861 4285 894 4341 et
915 4275 1015 4342 odoro
1039 4297 1112 4342 rore
1134 4273 1275 4363 liquores

510 4466 518 4498 ¹
538 4470 592 4521 Π.
607 4468 757 4537 110-127,
769 4471 814 4538 qul
827 4471 854 4522 in
867 4470 1006 4524 Ossolinso
1024 4470 1053 4521 in
1066 4477 1158 4523 sunto
1172 4470 1263 4523 loliolo
1275 4468 1415 4538 sdserlpts
1428 4476 1548 4535 exstent,

337 4560 341 4569 '
402 4557 456 4612 hue
474 4560 608 4628 pertinere
626 4560 706 4614 deest
723 4560 902 4615 Conlesnnis.

510 4648 522 4680 ⁸
539 4650 647 4719 Aliquid
664 4650 740 4705 deest
757 4650 821 4705 hele
837 4652 996 4719 sentsmisq
1020 4660 1159 4721 potueram
1183 4651 1302 4706 seribere
1326 4666 1358 4704 sn
1377 4648 1541 4703 eonleeturs:

403 4757 428 4793 ι.
449 4738 513 4795 1242
531 4741 619 4808 ,Μ’
637 4742 680 4794 vel
700 4742 789 4810 „tsin‘
809 4759 857 4811 pro
870 4742 982 4808 .‚Nsm“.
1007 4747 1063 4795 Aut
1075 4744 1189 4795 tortus·
1202 4741 1338 4808 Boysisno
1351 4754 1423 4792 nors
1435 4733 1546 4791 inverso

402 4830 496 4885 ordine
514 4833 611 4897 „nsm“
630 4831 666 4884 sd
685 4832 811 4899 „intersit
828 4832 913 4885 ntntu‘
934 4832 1093 4887 mendum
1113 4840 1162 4885 est.
