4109 5767
571 472 639 537 364
1049 491 1125 525 mu
1145 490 1241 525 sonu·

574 560 882 569 „-—--—..—.
886 559 1059 567 ι---
1063 559 1718 569 ——m———m—

575 570 881 581 ————....—..-—-

1116 898 1169 965 20.

998 1102 1053 1161 De
1076 1100 1204 1179 triplici
1226 1100 1298 1161 vits

843 1226 985 1297 caelibe.
1009 1226 1181 1301 coniugali
1205 1235 1241 1287 et
1262 1225 1448 1286 sornicsris

1050 1349 1206 1411 carmine
1217 1350 1238 1410 ¹.

1133 1522 1161 1588 Ι.

680 1657 770 1724 Laus
793 1656 900 1746 prima
922 1666 971 1723 est
993 1654 1096 1723 viduo
1118 1656 1226 1722 iaeera
1247 1654 1341 1742 leeto,

680 1764 770 1830 Laus
793 1774 842 1831 est
865 1764 1010 1850 eoniugii
1034 1785 1185 1851 sequens;
1207 1760 1295 1850 quod
1319 1760 1405 1827 ultra
1427 1773 1485 1848 est,

679 1870 754 1937 Non
776 1868 858 1957 laus,
881 1868 939 1936 sad
962 1868 1070 1935 seelus
1093 1879 1143 1934 est
1164 1869 1321 1956 nefasque
1344 1870 1445 1955 triste,

679 1978 827 2067 Dignum
850 1986 992 2044 tartarea
1014 1976 1108 2043 nefas
1131 1977 1293 2065 Megaera.

1124 2172 1169 2239 II.

679 2310 784 2399 Felix,
806 2311 862 2401 qui
886 2310 1026 2378 Veneris
1050 2309 1139 2377 lases
1162 2309 1310 2377 nocentis

679 2421 886 2509 Auratasque
908 2419 1081 2510 Cupidinis
1104 2420 1240 2507 sagittas

679 2530 771 2595 Forti
794 2539 925 2617 pectore
947 2528 1137 2615 viribusque
1160 2527 1274 2613 vineit,

679 2635 775 2700 Felix
798 2659 817 2700 ο
840 2636 938 2701 nimis
962 2646 995 2700 et
1017 2635 1133 2700 beatus
1156 2638 1256 2699 unus!

619 2764 646 2806 s.
677 2740 774 2807 Felix
796 2763 882 2807 unus
905 2752 937 2807 at
960 2740 1098 2827 Angelis
1121 2741 1257 2825 amicus,

678 2846 783 2913 Carus
806 2846 985 2914 Caelitibus
1009 2847 1145 2933 Deoque
1168 2868 1275 2932 carus,

678 2952 781 3019 Cuius
805 2975 870 3017 non
893 2975 962 3039 ope,
984 2974 1051 3018 non
1074 2964 1164 3017 earet
1187 2953 1310 3036 favore,

678 3058 744 3139 Qui
767 3058 871 3125 vineit
893 3058 1033 3125 Veneris
1057 3056 1146 3132 lases
1169 3056 1316 3122 nocentis

679 3167 887 3256 Auratasque
909 3166 1084 3256 Cupidinis
1107 3166 1252 3255 sagittas.

599 3296 645 3344 ιο.
728 3276 824 3342 Felix
847 3274 911 3363 ille,
934 3276 1044 3341 minus
1068 3276 1125 3343 sed
1148 3276 1204 3342 ille
1228 3274 1317 3361 felix,

679 3383 745 3464 Qui
769 3383 857 3450 eadit
879 3384 1002 3451 Veneri
1025 3383 1254 3472 Cupidinique,

679 3491 723 3556 Et
746 3490 890 3577 flagrans
913 3492 1061 3579 sequitur
1084 3502 1170 3556 toros
1193 3489 1328 3578 iugales.

679 3598 878 3664 Fortunatus
900 3611 933 3665 et
955 3598 1018 3683 hie,
1042 3610 1075 3664 at
1099 3598 1153 3665 ille
1176 3600 1289 3685 vineit,

679 3706 744 3789 Qui
767 3708 873 3772 vineit
896 3708 1036 3773 Veneris
1061 3708 1148 3772 lauces
1172 3708 1319 3773 nocentis

599 3835 645 3879 ia.
676 3814 883 3903 duratusque
905 3814 1079 3902 Cupidinis
1102 3814 1247 3901 sagittas.

733 3920 866 3987 Invisus
891 3924 1017 4009 superis
1041 3934 1074 3987 at
1097 3921 1152 3987 ille
1175 3922 1283 4007 Divis,

679 4029 836 4115 Quisquis
860 4029 1055 4094 concubitus
1079 4040 1167 4093 amat
1189 4029 1323 4111 solutos3

682 4222 690 4252 ¹
710 4224 837 4275 Carmina
855 4225 1058 4275 l-Lxxxvil
1077 4230 1184 4275 exstant
1208 4223 1236 4274 in
1262 4239 1312 4274 oss.
1333 4238 1376 4290 pq.
1395 4218 1511 4286 'll-82,
1534 4220 1563 4271 iu
1581 4236 1653 4272 earu.
1670 4233 1715 4285 pg.

571 4310 727 4379 196-2063
747 4314 834 4379 prima
852 4321 979 4381 quattuor
998 4314 1121 4365 aaruniua
1139 4322 1246 4364 exstant
1265 4313 1347 4363 utitun
1366 4311 1438 4379 typis
1452 4326 1552 4363 excusa
1564 4308 1599 4361 sd
1612 4308 1713 4361 caleam

572 4404 705 4455 Carminis
724 4404 896 4456 consolatorii
916 4404 950 4455 ud
969 4403 1168 4471 Sigisusuudum
1187 4407 1337 4471 Augustum
1351 4400 1498 4453 suasoriae
1516 4416 1540 4451 a.
1559 4398 1629 4451 itast
1641 4394 1712 4449 editi.

571 4492 622 4541 Pro
642 4493 795 4555 „earinina“
816 4492 915 4559 legitur
933 4495 962 4544 in
981 4494 1066 4544 uastis.
1088 4493 1284 4557 „experientiae
1297 4492 1391 4556 copia“
1406 4490 1504 4540 Omnia
1516 4488 1584 4539 haee
1597 4484 1712 4538 semim

571 4585 634 4628 anta
653 4594 678 4630 a.
699 4579 768 4633 1553
787 4583 891 4647 scalpta
909 4598 967 4633 esse
988 4583 1121 4632 videntur.
