4109 5767
902 793 1112 832 valtramum.

545 988 694 1074 Ignarus,
717 1010 788 1054 sese
810 987 954 1054 numeria
976 986 1224 1074 properantibus
1247 985 1381 1053 addunt

545 1093 682 1160 Lobodii
706 1093 858 1182 probitas,
880 1092 1024 1183 probitas
1046 1092 1213 1159 laudanda
1234 1093 1362 1159 Dunini

439 1221 510 1266 ern.
545 1199 761 1288 Scaevinique
783 1209 840 1266 tua
862 1210 894 1267 et
916 1199 1099 1266 Nadarini¹
1122 1200 1230 1266 sidera
1251 1199 1390 1287 pulsant

633 1307 673 1372 In
698 1329 807 1393 regem
830 1316 887 1371 tua
910 1307 952 1372 sit
974 1306 1157 1372 constantia
1178 1314 1301 1393 quauta
1321 1305 1475 1392 fidesque,

544 1411 698 1499 Repperit
720 1411 854 1477 immitis
876 1410 1030 1477 Moschus
1053 1408 1220 1497 doluitque
1242 1418 1413 1496 repertum,

544 1517 688 1584 Iesovi:²
710 1540 808 1584 saeve
831 1518 977 1583 cmciatu
1001 1515 1088 1582 haud
1112 1516 1238 1582 solvere
1259 1514 1406 1603 linguam

543 1625 583 1690 Iu
607 1625 780 1691 commissa
802 1624 862 1690 tibi
885 1633 1018 1712 potuere
1040 1644 1162 1689 areana
1183 1621 1312 1689 fidelem

438 1753 510 1798 ern.
543 1730 699 1800 Crudeles
722 1730 839 1798 hostes.
869 1731 961 1818 Regi,
983 1731 1040 1818 qui
1063 1740 1178 1818 regnat
1199 1729 1241 1797 ad
1264 1740 1376 1796 areton

544 1839 756 1927 Imperiisque
779 1848 891 1926 proteus
914 1846 1155 1926 neptem-tenet
1178 1859 1258 1902 arva
1279 1837 1403 1924 trionis,

543 1944 599 2010 Sic
622 1942 706 2008 fidus
730 1945 846 2025 servin
870 1943 997 2028 colitur,
1021 1945 1076 2009 eui
1099 1943 1216 2008 militat
1237 1941 1335 2027 erbis,

544 2049 605 2116 (lui
628 2061 734 2117 terrae
758 2049 861 2139 plaga,
884 2051 938 2117 cui
964 2061 1089 2138 pintus,
1112 2049 1166 2116 oui
1189 2048 1324 2136 grandia
1346 2046 1520 2137 Olympus.

543 2154 699 2243 Quaeque
723 2157 807 2222 iacet
830 2157 919 2244 regio
944 2157 975 2222 in
1001 2178 1120 2244 purenns
1143 2153 1328 2222 Acheronta
1349 2153 1411 2222 sub
1434 2155 1509 2240 ime,

438 2283 508 2326 narr.
542 2262 637 2348 Ate,
662 2262 777 2346 inmari,
801 2285 864 2328 nen
889 2263 995 2329 uoeiuu
1018 2261 1187 2330 aethereus
1210 2259 1290 2328 Rex.

547 2367 587 2434 llt
610 2377 666 2434 tun
691 2369 867 2458 progeniae,
890 2369 976 2436 itnlis
1000 2366 1155 2436 Nimrlnuu
1179 2369 1212 2434 iu
1236 2368 1302 2433 mis
1401 2394 1405 2402 ·

546 2474 687 2541 Palladia
710 2477 891 2543 armisonae
914 2476 1031 2542 atudiin
1054 2476 1205 2544 excultus
1228 2485 1261 2540 et
1282 2487 1361 2561 erte,

544 2581 651 2670 Atque
675 2605 772 2649 urmru
798 2593 964 2673 promptus
987 2584 1188 2673 nurrrptiaquc
1210 2582 1372 2670 Georgius
1394 2581 1504 2666 annis,

545 2689 686 2756 Ultimus
709 2701 742 2757 et
764 2703 876 2780 pertua
900 2715 963 2758 non
988 2703 1065 2758 sunt
1087 2692 1219 2758 diversa
1241 2691 1354 2758 secuti.

438 2818 507 2862 ese.
632 2798 783 2883 Garvaei,
806 2801 912 2865 evenit
935 2801 1037 2888 pietus
1060 2809 1117 2864 tun
1140 2808 1226 2882 neta,
1248 2797 1385 2864 tetendit

542 2902 633 2983 Quos
656 2905 743 2972 Saxo
767 2905 907 2994 laqueos,
930 2927 991 2972 nee
1013 2916 1046 2971 te
1068 2905 1174 2971 malua
1196 2903 1331 2971 abstulit
1353 2925 1483 2992 auceps.

630 3011 701 3076 Non
727 3012 920 3078 Varsovicio
945 3013 1063 3100 pietate
1085 3013 1246 3100 insignior
1268 3010 1350 3077 alter

543 3117 602 3182 list
627 3121 746 3206 patrol,
769 3141 833 3186 uon
856 3129 932 3186 nato
946 3125 967 3204 ⁴,
990 3143 1055 3207 que
1078 3119 1254 3186 deductore
1276 3118 1399 3186 relictis

543 3224 717 3311 Argolicae
739 3249 852 3292 musae
875 3227 908 3290 in
932 3227 1065 3292 Latium
1090 3227 1253 3314 migrastis
1276 3225 1423 3311 Athenis,

437 3352 509 3396 eae.
544 3330 587 3394 Et
609 3331 701 3397 iuvat
724 3354 779 3398 ore
801 3332 888 3420 loqui
913 3355 1048 3398 remano
1070 3342 1102 3398 et
1124 3332 1210 3398 bella
1232 3353 1348 3398 sonare

542 3435 745 3524 Saeculaque
766 3448 931 3504 aeternam
953 3437 1077 3503 chartis
1100 3439 1317 3504 transmittere
1339 3437 1470 3502 famam.

630 3541 713 3608 lude
736 3542 932 3630 Siepreius⁵,
956 3542 1147 3630 eloquioque
1169 3541 1343 3608 Uelrauia¹⁸
1364 3541 1470 3630 proles

545 3781 552 3812 ¹
573 3781 767 3848 learuyrlski.

538 3871 549 3904 ¹
568 3871 698 3940 (leorgius
716 3873 858 3938 Jelnwaki
877 3890 955 3938 quem
975 3889 992 3924 u
1010 3873 1179 3940 Sigismundo
1199 3874 1209 3924 l
1229 3889 1291 3940 rege
1311 3873 1345 3924 asl
1365 3874 1486 3926 Moschus
1500 3872 1574 3942 lega·

434 3965 492 4012 turn
511 3961 630 4025 rsrissmo,
649 3976 667 4011 a
684 3961 852 4014 Moschorum
872 3963 1041 4028 imperatore,
1059 3962 1105 4026 qui
1124 3962 1241 4013 leasevio
1259 3962 1392 4026 quaedum
1404 3961 1575 4014 claudestina

434 4047 562 4098 mandata
587 4062 604 4097 a
629 4063 692 4114 rega
711 4047 745 4098 ad
763 4046 923 4098 Michaelern
942 4046 1049 4098 Gllrlski
1075 4047 1217 4099 commissa
1241 4063 1299 4098 asse
1323 4048 1475 4114 suspicatus
1493 4054 1574 4112 assat,

434 4133 535 4184 trustra
552 4135 696 4186 crudeliter
718 4135 901 4186 excruciatum
929 4151 995 4197 esse,
1023 4142 1054 4185 ut
1082 4150 1183 4186 areana
1209 4135 1340 4200 proderat,
1368 4141 1462 4186 narrat
1488 4135 1572 4186 stiam

434 4220 567 4272 Martinus
586 4220 695 4273 llielslri.

542 4305 679 4374 'Ioanne
698 4310 846 4363 castellane
865 4312 1038 4363 ranserienai.

540 4396 551 4428 ⁴
570 4399 768 4466 tllrriatephoro‚
778 4400 906 4452 canonice
917 4401 1092 4461 cracoviensi,
1102 4401 1268 4454 erationibus
1277 4408 1305 4452 et
1314 4401 1479 4453 carminibus
1488 4400 1571 4453 claro.

540 4484 552 4516 ⁸
570 4489 695 4540 l'ortnase
713 4488 839 4541 Albertua
857 4489 982 4557 Serpcius
997 4489 1147 4558 (Sierpski),
1166 4490 1337 4557 antiquarum
1350 4489 1501 4541 litterarum
1514 4505 1576 4556 pre·

434 4577 518 4630 lesaor
538 4577 565 4629 in
585 4579 724 4632 academia
742 4595 846 4632 orooer.

540 4666 552 4696 '¹
570 4671 681 4722 licetur
698 4671 834 4734 iacobum,
853 4676 908 4722 turn
927 4670 1109 4723 chelmensam
1124 4671 1287 4739 episcopum,
1305 4670 1351 4737 spui
1364 4687 1388 4722 a.
1404 4667 1474 4725 1562
1486 4672 1575 4725 archi·

434 4759 574 4825 episcopua
591 4759 749 4827 gnesnensis
768 4761 857 4812 iactus
875 4766 924 4819 est,
949 4767 1028 4812 notus
1053 4770 1095 4812 eat
1118 4761 1176 4813 aius
1195 4763 1280 4813 trater
1303 4761 1411 4823 Paulus,
1437 4759 1574 4827 palatinus

436 4847 579 4899 belmesio.
