4109 5767
971 689 1049 724 1³an
1069 689 1155 724 ΙΟΥΙΙΙ

1040 967 1102 1032 V.¹

606 1091 687 1157 'Pron
709 1091 831 1158 inform
853 1102 962 1180 petrau
986 1090 1077 1158 eaelo
1100 1113 1176 1157 oum
1200 1103 1231 1159 te
1255 1093 1346 1160 videt
1368 1093 1434 1160 alto

660 1198 763 1288 Alter,
785 1200 890 1288 Patre,
913 1200 1039 1287 Petrus,
1062 1202 1210 1290 protinus
1232 1202 1392 1290 extimuit,

606 1306 666 1394 Ne,
688 1331 771 1396 quae
793 1309 864 1379 eiua
887 1319 979 1398 petra
1002 1332 1100 1398 super
1124 1333 1190 1376 una
1213 1309 1353 1378 eeclesia
1375 1320 1477 1397 nutat,

660 1415 871 1504 Pondereque
893 1418 1016 1505 ingenti
1041 1418 1106 1483 iarn
1130 1440 1230 1506 prope
1253 1419 1342 1485 vieta
1365 1419 1439 1506 ruit,

543 1544 575 1587 a.
605 1522 747 1588 Firmior
770 1534 806 1590 ut
828 1534 937 1612 staret,
959 1525 1071 1591 iubeat
1093 1535 1245 1612 regnator
1269 1523 1403 1616 Olympi

662 1629 725 1697 Hie
748 1631 942 1720 imponatur,
964 1631 1043 1698 inde
1065 1631 1207 1718 revulsa,
1231 1632 1346 1698 tribus.

858 1879 913 1946 Ad
937 1879 1142 1947 EIUSDEM
1166 1903 1287 1947 manea.

1033 2041 1091 2107 VI.
1103 2047 1115 2085 ²

606 2163 658 2230 Ne
680 2174 757 2230 tuna
780 2165 929 2232 aethereo
952 2177 1081 2254 raptum
1105 2177 1137 2232 te
1159 2165 1297 2232 inferret
1319 2164 1463 2257 Olympo

660 2271 740 2338 Alea
762 2283 797 2338 et
817 2273 959 2339 auferret
981 2284 1021 2360 te,
1045 2273 1140 2338 Patre
1164 2295 1290 2362 magne,
1313 2273 1387 2358 tuis,

607 2377 703 2445 Illius
727 2376 922 2447 addiderant
943 2381 1082 2470 pedibus
1106 2382 1169 2447 tria
1193 2403 1273 2446 saxa
1296 2379 1423 2446 Poloni:

662 2488 790 2553 Fortior
813 2499 847 2554 at
869 2488 959 2575 vicit,
982 2497 1014 2553 te
1037 2499 1070 2554 et
1093 2510 1189 2576 super
1213 2497 1302 2554 astra
1325 2484 1409 2554 tulit.

1020 2681 1096 2748 Vll.
1107 2686 1119 2724 ³

608 2806 701 2886 Quae
723 2805 808 2872 laeto
831 2806 958 2892 aceepit
980 2805 1075 2870 toties
1098 2814 1130 2869 te
1153 2803 1291 2870 eeclesia
1314 2801 1408 2869 vultu

660 2911 851 2996 Intruntem,
874 2909 1004 2997 placido
1027 2910 1252 2996 continuitque
1275 2909 1362 2974 sinu:

606 3017 822 3104 importatum
845 3016 999 3102 humeris,
1023 3026 1163 3102 eentum,
1187 3015 1351 3101 Gamrate,
1373 3015 1518 3081 virorum

660 3124 708 3190 Te
730 3134 803 3212 post
826 3123 895 3190 fata
917 3123 1031 3190 eedem
1055 3122 1159 3189 noluit
1182 3123 1337 3212 accipere.

547 3255 574 3300 a.
604 3231 697 3314 Quae
720 3243 864 3299 monstra
887 3231 988 3300 haee?
1019 3243 1077 3299 aut
1099 3231 1186 3321 quod
1210 3231 1325 3298 mutati
1349 3231 1472 3298 orimen
1502 3227 1661 3296 amorisl‘

660 3342 708 3409 Te
730 3342 835 3410 voluit
857 3342 980 3432 vivum,
1004 3342 1108 3412 noluit
1131 3343 1329 3411 exanimum.

504 3547 710 3556 ————--

612 3671 618 3699 ¹
640 3667 717 3718 Gora.
737 3685 780 3734 με.
802 3665 861 3720 108.

606 3759 616 3791 ¹
640 3759 680 3807 Ex
698 3755 767 3806 libro
786 3756 933 3808 cracoviae
952 3773 976 3808 a.
997 3755 1067 3810 1515
1087 3759 1157 3822 typis
1177 3758 1304 3822 improaro
1323 3775 1347 3822 q.
1368 3756 1385 3806 i.
1406 3756 1518 3806 Oarmnn
1533 3755 1645 3805 funebre

502 3846 531 3897 in
549 3845 624 3903 obitu
642 3846 773 3898 (damnati.
793 3847 889 3896 Exntat
908 3847 936 3897 in
955 3847 1042 3912 prima
1061 3847 1185 3897 editionis
1205 3847 1305 3913 pagina
1317 3845 1366 3896 urb
1380 3845 1498 3913 imagine
1512 3859 1645 3896 annulorum

502 3934 613 3998 antima,
632 3935 676 3987 ani
695 3935 860 4000 adnoriptuur
878 3944 919 3986 art
936 3936 1004 3986 illud
1022 3937 1112 3986 Ouidii
1132 3939 1219 3986 Amor.
1242 3937 1260 4001 l,
1281 3933 1323 4000 15,
1341 3933 1376 3986 39
1395 3951 1433 4001 rq.

610 4021 717 4074 'eoru
737 4023 780 4085 73,
799 4023 846 4072 ubl
865 4023 929 4073 huia
947 4024 1060 4074 carmini
1081 4024 1147 4074 lmen
1167 4023 1347 4088 superscripta
1366 4028 1486 4073 exstant:
1515 4021 1571 4086 „Ad
1590 4037 1647 4072 ma·

502 4125 550 4160 nor
570 4110 699 4160 antistitio
718 4111 839 4161 Garnrati
859 4112 887 4160 in
906 4111 1049 4162 eeclesiam
1068 4127 1144 4162 anam
1164 4111 1317 4175 repulturaa
1336 4125 1419 4162 arura
1437 4125 1537 4177 magna
1549 4110 1646 4174 impor-

503 4198 554 4248 tati
572 4199 625 4248 vi“.
644 4199 727 4262 Quae,
746 4206 837 4264 utpote
858 4199 904 4248 vir
921 4215 937 4248 a
949 4201 1048 4264 Roynio
1062 4201 1170 4265 scripta,
1184 4199 1268 4250 omisi.
1288 4199 1412 4250 Ceterum
1425 4197 1644 4251 GamraturOra·

470 4289 473 4293 ’
503 4288 597 4339 euriae
615 4288 642 4338 in
661 4288 791 4354 niagnlari
811 4288 882 4340 arcia
900 4289 991 4355 rogiae
1010 4289 1110 4340 racello
1130 4289 1277 4340 tumulatur
1296 4295 1343 4339 ont.
1365 4289 1405 4338 Da
1423 4304 1451 4338 re
1465 4287 1515 4338 hoo
1528 4285 1647 4338 earmina

503 4389 652 4429 memorata
671 4377 738 4428 nihil
758 4378 867 4431 aliunde
885 4379 1023 4445 cognitum
1044 4379 1143 4444 accepi.
