4109 5767
578 722 614 757 ur
632 720 726 758 aaran.
745 720 899 757 ramnum
917 722 1070 759 uumuurm
1088 722 1107 757 rr
1128 723 1160 757 ur
1179 721 1358 759 cernuum.
1497 705 1540 771 67

506 912 664 982 Greeeum
686 912 818 981 morbus
841 923 935 981 atrox
957 914 1141 981 venientem
1163 937 1336 1003 aggressus
1360 914 1470 1003 adegit

505 1022 576 1089 Nee
598 1043 708 1117 eoram
730 1022 876 1110 aepieere
897 1045 917 1087 ο
939 1021 1049 1108 laetae,
1072 1046 1091 1087 ο
1113 1022 1255 1089 maxime
1277 1020 1378 1089 laeter

404 1146 474 1195 rue.
508 1127 690 1195 Aemiliane
712 1137 799 1194 toroe
821 1127 926 1194 morbi
948 1127 1157 1196 inelementia
1179 1129 1264 1195 eivit

592 1234 784 1301 Proeeeeere
805 1254 909 1300 norae
932 1235 1065 1320 reginae
1087 1255 1257 1299 occurrere
1279 1234 1360 1299 iussi

504 1338 610 1404 'urm
631 1337 763 1404 ditionie
787 1360 883 1425 agree
905 1338 1074 1405 Olomunti
1096 1338 1139 1403 ad
1162 1339 1289 1405 moenia
1312 1348 1389 1404 nota

503 1440 663 1528 Andreae,
685 1441 821 1508 Ploeaae
843 1442 986 1526 antistare,
1008 1442 1213 1507 Noeeoviue¹
1235 1450 1267 1508 et
1290 1450 1326 1507 tu

504 1544 621 1614 Clarae
644 1548 724 1633 avie,
747 1546 891 1633 Srenei¹,
913 1557 945 1615 et
968 1558 1115 1615 veterum
1137 1547 1257 1613 virtute
1279 1555 1410 1613 tuorum

402 1672 471 1720 rue.
501 1654 601 1720 Haud
624 1656 738 1741 minor,
759 1655 903 1743 Augusti
925 1677 1001 1744 pare
1023 1676 1089 1720 non
1112 1653 1286 1721 temnenda
1309 1662 1450 1721 eenatue.

504 1760 548 1827 Et
569 1760 670 1829 fando
693 1762 797 1831 bonuu
820 1763 1016 1852 ingeniaque
1038 1761 1232 1831 Ouieeuiuu⁸
1254 1762 1321 1829 aeri

504 1869 536 1935 It
558 1892 676 1959 eumue,
701 1873 802 1938 affatu
825 1871 1036 1939 Oatharinam
1059 1871 1102 1937 ed
1126 1870 1236 1937 debita
1258 1870 1347 1936 molli

502 1974 684 2045 Sarmatiae
706 1979 764 2068 qui
787 1988 916 2067 seeptra
938 1988 1046 2045 vocet:
1069 1978 1118 2043 eie
1140 2000 1273 2067 posuere
1295 2000 1406 2066 regem

502 2083 699 2171 Augustum,
723 2086 771 2152 eie
793 2108 845 2152 ree
868 2084 961 2173 regni
983 2083 1203 2173 populumque
1225 2093 1396 2172 patresque

401 2210 471 2257 ree.
504 2190 588 2258 Inde
609 2190 673 2257 eibi
695 2192 788 2259 narei
809 2214 902 2279 reges
925 2200 1037 2281 optare
1059 2191 1196 2281 legique

503 2298 660 2384 Frutiuet3
683 2300 773 2369 venit
795 2299 945 2389 Auguato
967 2300 1153 2387 gratissima
1175 2298 1253 2387 regi,

503 2406 630 2495 Sponsa
652 2408 723 2473 viro
746 2408 903 2496 fratrique
925 2429 1024 2494 soror,
1047 2430 1112 2473 non
1135 2406 1264 2473 advena
1286 2428 1395 2494 regno.

502 2514 615 2580 Unum
638 2516 766 2602 utrique
788 2538 902 2601 genua,
923 2524 1063 2601 gentum,
1086 2537 1127 2580 ne
1149 2515 1284 2600 ignoret,
1307 2512 1453 2581 eandem
1540 2543 1542 2549 ·

591 2621 662 2685 Iam
685 2619 787 2685 Leehi
810 2620 961 2705 attigerat
983 2621 1064 2683 finee
1087 2628 1290 2706 augustaque
1312 2638 1414 2703 regne

400 2744 469 2791 rao.
502 2726 603 2790 Laeto
625 2748 744 2813 epenea
766 2724 880 2812 gradu,
903 2746 979 2790 eum
1002 2746 1038 2791 ee
1062 2724 1124 2789 fert
1146 2722 1244 2789 obvia
1266 2730 1380 2788 eontra

500 2831 644 2896 Matrum
666 2840 757 2897 easta
780 2830 903 2916 uehere,
926 2829 1072 2919 pulchris
1095 2830 1213 2918 stipata
1235 2826 1361 2917 puellis.

504 2938 574 3003 Hae
596 2938 681 3005 inter
703 2938 894 3025 mediaeque
915 2937 1000 3004 duae
1022 2937 1101 3003 hine
1123 2935 1200 3003 inde
1221 2934 1382 3019 heroinue,

503 3043 616 3111 Altera
638 3044 775 3114 Sidlovii
797 3044 898 3111 viduo
920 3043 1049 3111 deserta
1072 3042 1173 3110 eubili
1184 3047 1206 3129 ⁴,

504 3151 651 3237 Sidlovii,
673 3152 767 3219 euius
790 3175 855 3218 non
878 3150 946 3217 ulla
968 3149 1146 3217 aboleverit
1168 3158 1257 3216 aetae

401 3278 469 3324 ree.
502 3257 630 3325 Nomen
652 3268 685 3325 et
707 3268 837 3326 aeterno
858 3258 1022 3325 viaturam
1044 3267 1187 3345 tempore
1210 3257 1340 3322 famam.

502 3362 617 3430 Altera
638 3364 840 3451 magnanimi
861 3364 988 3431 Omitae
1009 3364 1216 3430 sanetieeimu
1238 3362 1359 3429 eoniux

503 3467 666 3533 Herberte
688 3468 729 3535 de
751 3477 848 3555 gente
857 3470 879 3552 ⁶,
901 3468 1017 3534 domae
1041 3489 1124 3554 quae
1147 3468 1236 3533 clara
1258 3466 1319 3532 rub
1343 3475 1433 3531 arete
1456 3474 1514 3551 eet,

503 3573 638 3660 Omitte,
660 3596 765 3661 quem,
787 3572 899 3639 morbo
921 3572 1006 3639 mele
1029 3582 1212 3661 correptum
1234 3581 1267 3639 et
1284 3592 1384 3661 prope
1403 3570 1539 3659 vietum,

502 3680 654 3748 Servavit
676 3680 772 3747 medo
794 3679 946 3747 divorum
967 3680 1140 3747 elementia
1161 3680 1265 3746 terrie.

400 3808 470 3855 uuo.
505 3787 578 3855 Hae
600 3811 752 3876 epoueam
774 3788 878 3876 primo
901 3787 1085 3855 venientem
1108 3787 1143 3852 in
1165 3786 1278 3853 limine
1300 3786 1393 3873 regni

503 3895 682 3984 Exeipiunt
704 3892 912 3984 faustumque
933 3904 1108 3983 precantur
1129 3900 1267 3959 cunetae
1288 3890 1508 3983 hymenaeum

504 4001 749 4089 Hortanturque
769 4001 852 4089 pede
874 4000 1077 4089 ingredietur
1099 4000 1185 4067 laetu
1206 3998 1337 4085 volenti,

396 4108 603 4121 *—

500 4140 509 4173 ¹
529 4158 572 4195 aa.
592 4141 769 4198 1546-1567
787 4144 833 4211 (†).

502 4228 607 4284 'Felix
626 4230 764 4299 Beretum,
788 4233 924 4300 petatium
949 4232 1086 4285 Placentia
1110 4248 1153 4286 aa.
1175 4228 1361 4295 1556-1554,
1386 4228 1467 4297 tuem,
1491 4228 1539 4298 qul

396 4320 478 4373 ettam
496 4321 530 4374 ad
549 4320 686 4375 Etteabem
704 4337 729 4375 ι
749 4319 819 4375 1543
836 4322 975 4374 Potentem
993 4322 1140 4375 intraatuu
1158 4320 1330 4374 ralutendam
1352 4320 1449 4373 minue
1468 4324 1537 4373 erat.

395 4408 633 4475 contraque.

503 4496 514 4527 ⁸
531 4497 715 4551 Omeeltariue
733 4497 819 4568 regui.

501 4585 513 4617 ⁴
531 4586 632 4655 Sophia
649 4587 683 4640 de
702 4586 780 4640 tono
798 4587 984 4656 Targowteka

497 4671 509 4705 ⁸
527 4677 657 4742 Barbara,
674 4675 731 4728 ulia
748 4677 857 4729 loanni·
876 4676 1004 4730 Herbertt
1023 4676 1244 4743 nomannorum,
1267 4683 1327 4729 erat
1350 4674 1439 4745 altera
1462 4672 1537 4728 Petrl

393 4764 499 4818 Onitae
517 4765 623 4818 mutar.

1396 4851 1429 4906 50
