4109 5767
581 308 648 374 382
1063 266 1249 359 mundun

581 392 889 415 π

688 514 781 581 Seria
804 515 855 580 vis
878 526 1033 582 uastare:
1057 516 1145 581 iosos
1168 524 1202 579 et
1223 514 1353 580 ludicra
1374 525 1489 599 tractu,

740 620 793 689 Sis
816 632 931 687 eontra
954 620 1084 708 Ourins,
1107 644 1183 687 eum
1206 619 1360 710 placuere
1383 620 1446 686 ioei
1459 624 1478 686 ¹.

687 727 792 797 Grata
814 752 919 797 venus
942 728 1075 796 (lumino
1098 740 1131 796 et
1153 752 1277 820 parvus
1300 730 1371 795 sine
1393 738 1485 796 veste
1507 726 1636 817 cupido,

741 837 791 906 Sit
813 838 874 905 tibi
898 849 993 927 gruta
1016 862 1121 907 venus
1144 850 1177 905 et
1199 840 1271 905 sine
1292 848 1384 906 veste
1406 860 1497 927 puer.

522 932 526 941 ⁸
610 968 659 1013 ss.
683 946 766 1013 cum
791 946 878 1013 ridet
900 945 981 1031 ride,
1003 969 1080 1014 euru
1104 958 1236 1021 maeret.
1259 948 1384 1013 tristior
1405 958 1488 1031 est03

742 1054 825 1121 Oum
849 1054 980 1143 gaudet,
1004 1054 1096 1142 saltn,
1120 1079 1195 1121 euru
1219 1054 1307 1122 dolet
1330 1054 1394 1142 ills,
1416 1078 1522 1143 geme.

687 1162 734 1225 At
756 1161 877 1227 elamet
899 1174 968 1227 tota
990 1173 1023 1227 et
1046 1162 1219 1228 violentior
1241 1164 1369 1228 intonat
1391 1161 1480 1227 suls:

742 1268 796 1333 Au
820 1290 1035 1356 quaeeunque
1058 1269 1151 1334 furor
1174 1271 1314 1357 pertinet
1337 1268 1400 1355 ille7
1423 1280 1535 1335 treme.
1562 1262 1565 1266 ’

688 1374 856 1442 Fulminat
878 1375 1079 1443 horrendum
1103 1387 1136 1443 et
1158 1400 1258 1444 saevo
1280 1388 1314 1443 te
1336 1376 1479 1443 dissecat
1501 1398 1565 1463 ore,

605 1506 654 1551 so.
740 1483 936 1573 Pallidulus,
958 1483 1119 1552 tremulus
1142 1485 1308 1573 quaelibet
1330 1485 1388 1552 illu
1411 1486 1507 1551 ferus.

687 1592 772 1661 Sunt
795 1592 1000 1659 dominorum
1026 1594 1095 1660 inte
1119 1596 1224 1661 iustae
1247 1595 1451 1683 iniustaeque
1474 1592 1659 1679 ferendae*

741 1701 842 1787 Quas,
866 1704 895 1767 si
918 1724 1019 1768 eausa
1042 1702 1142 1788 deest,
1165 1725 1249 1790 quae
1271 1704 1361 1789 fauit,
1383 1724 1465 1768 nura
1488 1701 1577 1768 fucit.

687 1809 793 1875 Irasci
816 1807 958 1873 dominis
981 1810 1053 1873 sine
1075 1831 1112 1874 re
1134 1820 1167 1874 et
1189 1811 1315 1875 ratione
1338 1810 1437 1875 liuere

741 1914 799 1979 Ius
822 1925 916 1979 vetus
940 1927 1003 1997 θεῖς
1026 1914 1177 2002 dominis,
1200 1915 1289 2003 quod
1311 1914 1416 2001 libuit,
1439 1915 1542 1980 linuit.

571 2058 573 2063 π
604 2040 654 2085 us.
685 2019 816 2085 Dehine
839 2021 868 2084 si
890 2029 923 2086 te
946 2019 1032 2086 lueto
1054 2022 1194 2108 aspiciat
1216 2032 1289 2109 post
1311 2020 1427 2087 nubila
1448 2020 1553 2106 vultu,

741 2128 814 2193 Hoc
837 2126 934 2194 debet
957 2129 1070 2216 magni
1093 2130 1239 2198 muneris
1261 2151 1334 2193 esse
1356 2126 1437 2196 loto.

688 2234 781 2301 Haeo
797 2234 916 2321 studit,
938 2234 972 2300 hi
989 2258 1104 2321 mores,
1127 2234 1244 2300 modus
1259 2246 1310 2300 est
1325 2235 1388 2321 hie,
1411 2234 1506 2321 Aule,
1529 2233 1728 2322 sequendus,

742 2341 800 2406 Ius
823 2342 876 2407 vis
900 2343 935 2407 iu
957 2341 1127 2408 domiuum
1151 2342 1180 2405 si
1203 2341 1290 2428 quod
1312 2340 1434 2408 habere
1456 2351 1559 2405 tuum.

1137 2753 1167 2817 2.

945 2938 998 2999 De
1022 2936 1192 2998 servitute
1215 2936 1326 2998 aulica
1336 2936 1358 2998 ².

685 3112 790 3180 Multa
812 3112 950 3180 ferenda
972 3112 1042 3200 tibi,
1068 3115 1189 3179 rnisern
1211 3114 1268 3201 qui
1290 3114 1377 3180 vivis
1400 3113 1435 3178 in
1458 3111 1548 3195 auln3

740 3220 804 3288 Sed
828 3244 980 3309 nequens,
1003 3222 1154 3309 quumvis
1178 3219 1314 3308 ferreus,
1337 3219 1395 3285 illa
1417 3220 1494 3308 peti.

684 3327 768 3394 Cum
788 3328 848 3392 tibi
864 3339 960 3413 gruta
975 3328 1078 3415 quies,
1102 3326 1301 3393 currendum
1317 3338 1379 3409 est3
1403 3347 1538 3392 currere
1554 3327 1619 3390 inm
1630 3330 1644 3369 ⁸
1657 3326 1726 3392 vis:

738 3434 838 3519 Pigrn
861 3432 921 3499 tibi
946 3432 1080 3519 longum
1104 3432 1202 3517 longa
1225 3432 1361 3498 ferenda
1383 3434 1485 3520 quies.

624 3560 650 3604 r.
682 3540 779 3604 Forte
803 3538 916 3604 sedere
935 3538 1056 3627 pluent:
1080 3537 1233 3603 sttnduur
1250 3549 1312 3622 est3
1335 3540 1388 3605 vis
1404 3547 1503 3603 strrru:
1526 3536 1725 3621 redemtum

737 3644 925 3711 Vivenduur
950 3644 1086 3710 alterius
1110 3645 1255 3733 eorporis
1278 3644 1414 3709 arbitrio
1437 3654 1495 3707 nst.

682 3752 836 3840 Obrepsit
859 3776 992 3818 sournus
1017 3752 1227 3839 defessusque
1250 3761 1389 3839 ooeupnt
1411 3762 1515 3816 artus:

699 3920 702 3929 .
735 3859 849 3945 Surge7
873 3882 973 3947 quens
997 3869 1055 3924 nut
1078 3882 1152 3946 non,
1175 3882 1241 3924 nox
1264 3856 1434 3945 vigilanda
1456 3858 1517 3923 tibi
1540 3868 1599 3923 est.

684 4050 692 4081 ¹
713 4050 767 4099 Aut
785 4049 860 4100 loeus
879 4057 1019 4115 corruptus
1038 4056 1088 4113 nrt,
1107 4057 1155 4101 nut
1173 4050 1213 4101 itu
1231 4050 1316 4100 rorbn
1332 4046 1483 4116 iungenda:
1510 4047 1578 4098 Cnnr
1596 4046 1728 4113 pineum

576 4137 629 4190 insi
647 4137 784 4205 (domino),
804 4138 926 4203 quumvis
946 4139 983 4188 sis
1002 4154 1024 4191 e.
1045 4139 1142 4189 Curius
1161 4138 1202 4208 (=
1220 4139 1262 4189 vir
1280 4139 1371 4205 gravis
1390 4145 1417 4188 et
1434 4136 1590 4202 modestus),
1608 4136 1684 4187 inens
1697 4146 1730 4188 et

576 4225 682 4279 ludicra
702 4236 798 4277 tractu

685 4314 696 4343 ²
714 4316 792 4367 Corn.
812 4314 846 4368 81
866 4332 905 4382 sq.

685 4402 762 4457 'ms
784 4408 878 4469 „non“.
899 4408 1024 4458 Fortasse
1045 4410 1149 4470 „uuns“
1169 4406 1278 4473 scripsit
1295 4408 1328 4456 u.
