4109 5767
921 928 1077 965 enarrarre.
1517 912 1568 963 ,W

817 998 859 1019 ⁰“.'
873 997 920 1019 π
938 998 980 1006 -ο-
987 998 1114 1007 nna—.-
1121 998 1130 1006 η

422 1126 522 1193 suinri
546 1147 705 1192 novarum
731 1146 839 1191 rerum
864 1124 992 1213 cupidi,
1024 1136 1061 1190 ut
1090 1123 1234 1213 plerique
1264 1148 1323 1215 pru
1355 1124 1566 1192 facultatibus

423 1235 488 1299 iam
511 1256 575 1299 non
600 1232 703 1299 solum
728 1232 832 1319 italas,
856 1234 942 1300 sicat
963 1244 1076 1319 anteo,
1106 1232 1163 1299 sed
1194 1234 1367 1322 praecipue
1393 1255 1567 1321 germanas

424 1340 564 1426 scholas,
588 1338 757 1429 plerasque
780 1340 854 1407 lidei
879 1340 1059 1408 catholicae
1082 1341 1246 1424 inimicas,
1270 1341 1477 1431 frequentare
1500 1364 1565 1407 non

423 1448 620 1515 dubitarent.
643 1448 771 1531 Quibus
795 1448 1043 1516 difficultatibus
1066 1448 1329 1537 Sigismundusl
1352 1472 1411 1515 rex
1431 1470 1566 1515 succur-

424 1578 515 1637 rens,
546 1578 620 1621 euru
651 1566 684 1621 et
706 1556 813 1623 edicto
837 1558 994 1623 vetuisset
1016 1562 1058 1637 (a.
1084 1558 1191 1639 1534),
1221 1580 1262 1623 ue
1293 1557 1427 1623 iuvenes
1457 1555 1563 1645 poloni

423 1661 605 1727 studiorum
628 1684 728 1728 earrsa
751 1664 1046 1750 peregrinarentur,
1069 1673 1101 1729 et
1123 1686 1209 1728 anno
1229 1673 1301 1750 post
1316 1664 1429 1747 (1535)
1445 1662 1566 1727 consti-

424 1766 546 1849 tuisset,
572 1778 606 1832 ut
630 1769 827 1855 professores
850 1770 884 1832 in
909 1770 1122 1835 universitate
1145 1770 1345 1835 cracoviensi
1366 1768 1483 1855 viginti
1506 1790 1564 1833 an·

424 1893 484 1936 nos
506 1874 632 1938 emeriti
655 1873 813 1939 nobilium
844 1872 950 1939 ordini
983 1874 1239 1959 ascriberentur,
1270 1896 1383 1961 parum
1415 1872 1565 1959 proiecit;

424 1976 501 2062 quia
526 1978 623 2041 etiam
648 1978 717 2064 ipse
739 1978 882 2043 edictum
906 1978 947 2043 de
966 1979 1147 2067 peregrinis
1162 1978 1282 2045 acbolis
1297 1976 1456 2059 adeundis
1472 1977 1569 2043 brevi

424 2090 497 2169 post
519 2082 635 2172 Roynii
657 2084 691 2148 ia
710 2083 882 2153 ,Poluniam
907 2084 1085 2150 adveutum
1109 2107 1137 2148 a
1160 2084 1245 2151 1543
1268 2082 1458 2171 antiquavit.

429 2199 433 2207 '
531 2190 684 2257 Ceterum
706 2191 740 2255 in
764 2190 838 2257 lidei
859 2191 1079 2277 iutegritatem
1102 2190 1386 2277 institutorumque
1409 2186 1567 2255 ecclesiae

424 2296 660 2365 auctoritatum,
682 2320 744 2363 nou
777 2295 881 2365 solum
913 2298 1048 2364 iuvenes
1083 2307 1152 2363 tuna
1187 2296 1221 2362 in
1255 2295 1389 2363 Polonia
1422 2294 1569 2361 studiose

424 2390 641 2493 inquirebant,
672 2407 771 2473 innuo
793 2407 902 2473 onmia
925 2406 1165 2494 conspirabant,
1187 2428 1271 2493 quae
1293 2427 1362 2471 rem
1384 2404 1471 2470 banc
1486 2427 1566 2471 cun·

425 2513 495 2599 etis,
519 2512 623 2581 doctis
639 2516 735 2583 etium
752 2516 951 2605 euaunisque
975 2516 1006 2580 iu
1032 2537 1067 2582 re
1097 2513 1229 2605 publica
1260 2513 1351 2595 viris,
1381 2511 1567 2581 wnsidcrn·

424 2620 511 2688 tione
534 2621 667 2711 dignam
692 2621 872 2691 redderent.
910 2624 1026 2691 Pravis
1049 2624 1147 2711 eninr
1160 2622 1315 2689 institutis
1342 2622 1570 2710 corruptisque

424 2728 629 2799 sacerdotum
662 2730 806 2797 muribus
839 2730 1034 2821 medendum
1066 2754 1138 2797 esse
1168 2732 1233 2796 iam
1264 2728 1389 2795 dudum
1419 2727 1564 2817 plerique

424 2834 677 2922 consentiebant,
700 2835 889 2925 dogmatum
912 2838 1089 2904 auctoritas
1112 2846 1145 2903 ct
1168 2835 1269 2902 llussi
1293 2847 1326 2903 et
1339 2834 1478 2924 aliarum
1495 2856 1566 2900 sec·

425 2949 532 3007 tarum
562 2940 719 3009 doctrinis
750 2966 854 3032 nuper
885 2942 1052 3033 paululum
1084 2955 1154 3009 erut
1177 2942 1362 3025 insudante,
1396 2942 1463 3007 iarn
1486 2962 1568 3007 vero

425 3058 593 3135 postquam
618 3049 742 3117 Lutlrer
764 3061 874 3140 aperte
896 3050 938 3117 ab
962 3051 1102 3119 ecclesia
1133 3072 1267 3116 romana
1296 3049 1426 3134 deiecit,
1461 3070 1570 3135 neque·

425 3153 529 3221 selum
554 3167 728 3223 sectatores
744 3168 776 3224 et
792 3157 978 3243 imitatores,
1002 3180 1117 3224 verum
1133 3158 1232 3223 etiam
1247 3156 1435 3223 defensores
1450 3164 1562 3221 contra

425 3262 527 3349 ipsius
551 3265 692 3331 caesaris
715 3288 807 3330 arma
829 3266 972 3347 invenit,
1006 3266 1103 3332 etiam
1127 3264 1174 3351 ei,
1208 3263 1263 3353 qui
1287 3262 1432 3351 plerique
1463 3284 1571 3349 aeque

427 3360 569 3437 Lutbero
604 3370 767 3455 favebam
799 3394 904 3459 neque
934 3372 975 3439 ab
1012 3372 1136 3437 unitate
1171 3392 1304 3455 mmana
1327 3368 1509 3436 desciscere
1532 3368 1564 3431 iu

425 3476 551 3541 animos
574 3465 790 3563 inducebant,
826 3478 955 3543 venisse
984 3476 1127 3542 tandem'
1151 3475 1308 3547 rebantur
1331 3486 1469 3562 tompus,
1502 3495 1572 3559 quo

426 3582 544 3646 vitiosa
567 3604 640 3647 cum
663 3584 707 3649 rei
724 3582 874 3671 publicae
890 3582 1059 3649 rorrunudo
1075 3580 1240 3649 emendari
1257 3592 1397 3670 possent.
1423 3578 1566 3646 Aleban-

425 3794 539 3861 notitia
565 3807 599 3863 et
621 3799 792 3887 praecipue
816 3798 939 3867 crebris
963 3821 1040 3865 cum
1063 3796 1250 3883 Germania,
1273 3794 1465 3863 delectionis
1481 3790 1566 3877 sede

425 3904 639 3995 corumerciis.
673 3904 759 3971 Nam
788 3929 853 3972 nou
885 3904 991 3972 sulum
1023 3904 1133 3971 Poloni
1157 3904 1294 3969 iuvenes
1324 3900 1452 3969 scholas
1482 3898 1572 3967 Ger-

426 4008 554 4075 maniae
571 4010 827 4098 frequentabant,
854 4011 911 4078 sed
928 4014 1025 4078 etiam
1041 4012 1204 4097 gravitate
1219 4008 1472 4094 auctoritateque
1488 4028 1567 4073 con-

426 4114 530 4201 spicui
555 4115 617 4179 viri
649 4118 826 4183 arnicitiam
857 4140 931 4184 curu
964 4117 1069 4182 doctis
1099 4114 1289 4200 Germanis,
1327 4111 1573 4179 reformationis·
1651 4108 1659 4124 ⁴

429 4210 626 4307 fautoribus,
654 4233 688 4287 ut
711 4223 848 4291 Erasrrre
870 4222 1148 4307 Rotterdamensi,
1179 4233 1235 4288 aar
1263 4219 1497 4303 defensoribus,
1531 4226 1568 4283 ut

427 4325 693 4409 Melanclrtboue,
717 4331 830 4397 initam
853 4332 977 4399 crebris
1000 4329 1193 4398 refovebant
1216 4328 1349 4409 litteris,
1375 4327 1410 4394 iu
1434 4327 1573 4416 ipsaque

427 4433 560 4502 Pulonin
583 4437 688 4517 coloni
712 4464 753 4506 ex
776 4438 962 4525 Germania,
987 4439 1107 4528 passim
1126 4437 1222 4505 urbes
1238 4448 1395 4518 tenentes,
1418 4457 1493 4502 cum
1509 4456 1574 4499 aa·

426 4542 515 4629 tique
538 4546 643 4631 patria
666 4546 729 4611 ianr
751 4556 952 4613 mercaturae
968 4546 1149 4611 rationibus
1166 4544 1341 4629 coniuncti,
1363 4544 1568 4631 praeierant

426 4645 468 4711 ad
493 4648 643 4737 exempla
666 4649 904 4718 Germanorum
928 4650 1096 4717 imitanda.
1119 4654 1225 4738 Atque
1248 4650 1318 4737 ipso
1341 4649 1409 4715 lere
1432 4671 1470 4713 eo
1485 4657 1568 4712 tem-

427 4774 511 4837 pure
534 4776 597 4840 quo
620 4754 779 4844 Roynium
803 4756 997 4823 Oracoviam
1021 4756 1151 4821 venisse
1173 4754 1327 4838 diximus,
1358 4752 1567 4839 agitabantur

427 4857 490 4921 ianr
515 4859 548 4922 iu
579 4882 618 4925 ea
650 4862 727 4927 urbe
759 4884 815 4949 per
846 4862 986 4928 circulus
1017 4862 1100 4927 clam
1130 4861 1267 4926 masilia
1289 4857 1460 4924 navandae
1483 4855 1573 4939 lidci,

427 4960 586 5050 imprimis
619 4990 694 5033 νιιιι)
719 4969 750 5033 iu
776 4968 871 5033 dnum
896 4968 1026 5033 Ieauais
1049 4966 1197 5049 Tricesii,
1224 4965 1310 5031 ducti
1337 4964 1400 5028 viri
1423 4962 1567 5048 discipu·
