4109 5767
669 786 780 838 Lxxlv
1162 802 1318 838 enarrarre.

1482 870 1588 879 -.----
1602 872 1609 877 .
1626 870 1756 877 —u-——n
1768 870 1799 877 .-

1479 881 1521 892 -‚..
1537 884 1559 890 ...
1635 882 1798 890 ---.—--

773 992 838 1061 Sed
862 994 890 1060 si
914 1004 1120 1083 quaeruntur
1142 1006 1345 1082 argumenta,
1375 1016 1418 1061 ex
1441 993 1561 1085 quibus
1582 992 1739 1085 Royuiurn
1766 994 1796 1058 iu

667 1103 869 1194 antiquitatis
893 1102 1009 1171 litteris
1033 1116 1200 1171 versatum
1225 1104 1327 1171 fuisse
1349 1103 1491 1193 eluceat,
1522 1105 1580 1171 vix
1608 1104 1800 1194 praetermit-

667 1212 766 1280 tenda
788 1226 864 1281 suut
887 1237 934 1302 aa,
957 1236 1041 1305 quae
1064 1238 1139 1282 cum
1154 1237 1251 1305 prosa
1266 1216 1412 1283 eratione
1426 1215 1669 1305 composuisset,
1691 1213 1730 1280 ab
1744 1214 1800 1279 hac

666 1324 809 1391 editione
831 1322 946 1390 abesse
967 1323 1160 1391 debuerunt
1198 1324 1391 1391 Dccisiones
1413 1324 1587 1391 lituanicaa
1610 1323 1697 1411 dico,
1724 1347 1799 1413 quaa

666 1454 863 1520 quamquam
886 1434 1015 1521 proprie
1038 1432 1186 1521 singulas
1209 1434 1291 1500 iuris
1313 1435 1519 1522 quaestiones
1532 1443 1684 1519 tractant,
1706 1432 1800 1498 multa

666 1550 775 1605 tamen
798 1538 920 1605 habent
943 1562 1008 1606 non
1032 1540 1136 1607 solum
1160 1562 1202 1606 ax
1224 1542 1368 1629 antiquis
1391 1542 1503 1629 poetis,
1525 1562 1638 1606 verum
1654 1541 1801 1605 etiamen

665 1644 846 1733 historicis,
884 1646 1083 1735 pbilosophis
1113 1648 1362 1735 oratoribusque
1396 1647 1595 1735 deprompta.
1633 1649 1800 1712 Auctorem

665 1754 753 1819 enim
769 1752 936 1819 Andream
953 1753 1128 1839 Alciatum,
1145 1763 1384 1843 praeceptorem
1405 1776 1501 1819 suum
1517 1766 1657 1839 secutus,
1673 1753 1802 1818 sortasse

665 1860 764 1925 etiam
799 1860 956 1925 rationem
994 1882 1014 1925 a
1045 1861 1203 1928 Cicerone
1237 1863 1355 1927 totiens
1385 1862 1593 1927 observatam
1624 1862 1801 1949 respiciens,

665 1966 810 2057 Reyuius
834 1968 960 2032 aridam
984 1969 1067 2033 iuris
1089 1968 1252 2034 tractandi
1272 1970 1474 2056 provinciam
1491 1970 1537 2032 itu
1552 1967 1719 2034 laetiorem
1733 1966 1803 2033 red·

666 2074 744 2142 dere
766 2076 955 2165 conabatur,
987 2090 1036 2164 ut,
1061 2078 1246 2165 ubicunque
1268 2078 1398 2143 occasio
1421 2076 1570 2163 debatur,
1593 2074 1636 2143 ad
1659 2077 1803 2164 antiquas

665 2181 799 2270 litteras,
822 2185 941 2272 quibus
963 2195 1034 2251 tum
1057 2186 1233 2274 praecipue
1248 2184 1395 2251 homines
1415 2184 1598 2270 studebant,
1621 2185 1803 2251 decrureret

666 2314 843 2383 earumque
865 2292 945 2359 locis
969 2292 1098 2360 selectis
1128 2294 1221 2381 quasi
1246 2292 1425 2359 luminibus
1447 2294 1644 2360 severiorem
1675 2292 1717 2359 de
1738 2294 1806 2357 iure

666 2400 918 2489 disputationem
940 2399 1128 2468 illustraret.
1153 2402 1222 2467 lam
1247 2402 1280 2466 in
1304 2403 1375 2489 ipsa
1398 2400 1537 2489 epistula
1560 2402 1602 2467 ad
1626 2402 1805 2489 Sigismuu-

666 2508 745 2573 dum
770 2512 954 2597 Augustum
978 2532 1104 2597 regem,
1135 2510 1345 2599 praelationis
1369 2510 1440 2575 loco
1463 2510 1693 2577 Decisionibus
1716 2532 1806 2597 prue-

667 2618 782 2703 missa,
813 2618 916 2684 multa
939 2620 1009 2685 eius
1032 2620 1163 2706 generis
1189 2620 1317 2705 insunt,
1348 2620 1433 2685 inter
1461 2620 1564 2707 ipsius
1595 2642 1674 2685 viru)
1704 2619 1808 2707 operis

667 2724 767 2790 libros
790 2727 914 2813 primus
936 2724 1080 2815 reliquos
1112 2738 1244 2816 superat
1275 2728 1476 2815 antiquitatis
1507 2727 1682 2792 rneruoriue
1708 2726 1809 2814 copia,

665 2856 861 2921 quamquam
885 2845 917 2901 et
940 2834 1074 2924 reliqui,
1097 2836 1258 2925 imprimis
1282 2838 1397 2903 tertius
1420 2848 1452 2903 et
1474 2846 1627 2924 quartus,
1651 2835 1730 2900 sutis
1752 2835 1810 2899 ab

666 2942 791 3007 undant
815 2942 960 3009 flosculis
983 2943 1049 3009 illis
1072 2955 1166 3011 extra
1196 2945 1277 3009 iuris
1309 2945 1510 3033 provinciam
1533 2942 1697 3009 delibutis,
1735 2943 1808 3007 Non

664 3050 774 3114 omniu
797 3048 878 3116 haec
900 3050 1045 3141 Royuius
1069 3053 1138 3141 ipse
1160 3076 1202 3118 ex
1226 3052 1371 3118 lentibus
1386 3053 1511 3140 primus
1525 3054 1682 3133 enotavit3
1705 3048 1810 3115 multa

665 3157 817 3243 repetivit
840 3158 905 3222 iam
929 3169 1059 3223 enotata
1081 3181 1124 3223 ex
1147 3160 1228 3223 iuris
1251 3158 1420 3223 codicibus
1436 3178 1612 3244 eorumque
1626 3156 1728 3241 libris,
1751 3158 1809 3242 qui

665 3263 786 3327 renatis
817 3264 1019 3351 antiquitatis
1050 3265 1166 3330 studiis
1198 3265 1240 3330 de
1271 3265 1341 3330 iure
1372 3286 1505 3329 romano
1527 3265 1743 3351 seripserunt,
1775 3262 1810 3326 id

664 3368 751 3455 quod
774 3380 806 3435 et
830 3370 899 3458 ipsc
922 3370 1092 3457 aliquoties
1117 3372 1237 3436 fatetur
1260 3372 1381 3452 (Deoia.
1406 3370 1452 3436 lit.
1472 3370 1572 3459 praef.
1589 3370 1686 3451 med.;
1709 3370 1737 3450 1,
1753 3371 1812 3451 423

665 3474 727 3559 ΙΙΙ,
753 3478 830 3557 1973
854 3478 932 3559 2073
957 3479 1036 3559 441;
1060 3478 1392 3566 o1esqq.;1v‚114;
1412 3479 1488 3559 1503
1505 3480 1571 3541 416
1588 3498 1647 3565 sq.;
1664 3476 1705 3561 V,
1724 3478 1813 3559 135),

665 3594 696 3646 et
720 3580 893 3669 interdum,
916 3607 1114 3672 ‹luantquam
1138 3608 1202 3649 uon
1227 3584 1369 3670 uulnerat,
1393 3584 1489 3649 facile
1512 3584 1728 3649 demonstrari
1753 3604 1814 3669 po-

664 3700 736 3753 test.
759 3689 815 3757 Sie
838 3713 913 3756 eum
937 3691 1045 3757 adfert
1068 3692 1168 3758 latine
1191 3691 1299 3757 locum
1322 3690 1542 3779 Cresphontis,
1566 3688 1737 3778 Eruipidis
1763 3688 1815 3753 fa·

666 3795 763 3862 bulae
786 3796 973 3885 deperditae
996 3801 1118 3883 (Deoia.
1135 3800 1161 3884 I,
1178 3800 1242 3884 87),
1266 3801 1380 3863 nititur
1395 3800 1562 3867 Ciceronis
1577 3798 1710 3863 Tuscal.
1727 3796 1816 3884 disp.

665 3904 685 3969 l.
709 3903 735 3989 Ι,
759 3905 812 3991 48,
837 3908 910 3991 115,
933 3930 1028 3994 quem
1054 3931 1117 3973 non
1142 3918 1318 3997 nuncupat.
1357 3908 1475 3972 Utrum
1508 3917 1620 3971 notum
1651 3906 1714 3971 sibi
1749 3904 1815 3969 loci

665 4026 829 4080 auctorem
854 4017 1022 4083 reticuerit
1045 4016 1197 4084 brevitati
1222 4016 1366 4105 studens,
1388 4040 1429 4083 rtur
1452 4016 1662 4103 ignoraverit,
1686 4015 1819 4081 locum-

664 4146 727 4210 que
752 4124 888 4189 l'ortusse
911 4124 976 4189 ulio
999 4127 1156 4215 scriptore
1179 4126 1272 4213 duee,
1294 4128 1349 4215 qui
1375 4128 1444 4215 ipsu
1459 4126 1649 4193 Ciceronem
1671 4148 1738 4190 uon
1756 4147 1819 4189 no-

665 4230 812 4317 minavit,
835 4233 999 4317 adtulerit,
1023 4234 1159 4300 diflicile
1182 4247 1231 4300 est
1255 4258 1312 4322 pro
1335 4250 1425 4300 certo
1448 4234 1643 4316 diiudicare3
1668 4256 1748 4298 cum
1765 4243 1819 4296 ta-

666 4360 757 4426 men,
792 4340 824 4404 id
855 4340 941 4429 quod
974 4341 1061 4405 iufra
1092 4342 1385 4427 demonstrabitur,
1416 4343 1449 4405 iu
1480 4342 1647 4409 Ciceronis
1679 4340 1820 4426 scriptis

665 4446 808 4537 lloyzius
832 4448 914 4515 benc
938 4461 1088 4515 versatus
1113 4450 1228 4537 fuerit,
1259 4450 1372 4539 bisque
1397 4460 1561 4537 praeterea
1585 4451 1678 4527 (Dee.
1704 4446 1725 4513 l.
1750 4446 1820 4532 ΙΙΙ,

666 4556 744 4637 3613
770 4556 826 4639 IV,
853 4558 929 4640 149)
962 4559 1041 4622 sutis
1073 4559 1134 4625 sibi
1166 4560 1250 4623 rrotis
1274 4559 1440 4626 Ciceronis
1472 4557 1552 4623 loeis
1582 4570 1717 4623 uirctere
1750 4579 1821 4621 nen

666 4676 852 4752 nuncupato
878 4686 954 4729 usuu
978 4666 1030 4753 sit,
1054 4667 1151 4732 ‹rtirun
1175 4666 1236 4731 lroe
1260 4666 1331 4730 loeo
1350 4689 1422 4731 oraru
1442 4666 1540 4731 sontis
1559 4667 1626 4733 veri
1643 4664 1820 4731 minacium

665 4771 728 4835 sibi
752 4768 853 4838 luisse
877 4774 1056 4839 verisimile
1079 4785 1136 4839 est.
1160 4774 1317 4841 Similiter
1339 4798 1391 4839 res
1415 4786 1602 4861 corrrparutu
1617 4786 1666 4839 est
1684 4772 1824 4837 duobus

665 4876 739 4939 aliis
762 4876 858 4961 loeis,
889 4902 1025 4964 quorum
1057 4881 1159 4945 alteru
1190 4882 1261 4965 (IV,
1287 4884 1341 4961 72)
1372 4880 1517 4967 Royaius
1540 4892 1698 4966 provocat
1731 4880 1778 4945 au
1807 4882 1824 4945 Ι
