4109 5767
1002 717 1078 752 rurus
1099 717 1184 751 uorztr

736 781 1168 793 --——-....---———

656 905 801 998 ili-gibus
824 911 880 978 illo
902 912 971 979 suis
994 935 1090 979 curus
1114 911 1189 997 fuit3
1213 913 1334 1001 optima
1356 935 1482 1001 semper

656 1017 801 1087 oonsilio
824 1021 857 1086 iu
881 1022 1025 1088 ruolium
1050 1021 1192 1088 iucundo
1216 1020 1349 1110 protulit
1371 1043 1435 1088 ore.

573 1140 622 1194 to.
652 1123 796 1217 Tempus
818 1142 887 1195 erut
910 1152 967 1196 seu
991 1130 1091 1219 pucis,
1114 1140 1206 1194 erunt
1230 1151 1286 1195 seu
1310 1127 1397 1195 bellu
1418 1129 1570 1215 gerendo,

657 1233 737 1300 Acri
761 1246 875 1302 vectus
897 1259 988 1326 epm,
1012 1237 1170 1324 correptis
1193 1245 1345 1302 strenuus
1368 1237 1476 1322 urinis,

658 1341 721 1408 Pur
743 1342 867 1409 metliss
890 1345 987 1430 acics,
1009 1343 1134 1411 medius
1157 1367 1191 1408 sc
1216 1345 1301 1410 foris
1323 1365 1381 1432 per
1404 1343 1510 1410 bostcu

658 1449 739 1515 iisse
761 1473 858 1515 suum
880 1450 1010 1517 dicebat
1033 1473 1124 1539 opus,
1147 1473 1337 1539 pugnosque
1360 1451 1455 1534 ciere,

657 1554 731 1620 Non
754 1555 866 1622 molles
889 1558 998 1622 animo
1021 1579 1118 1622 curus
1141 1557 1266 1642 agitare
1288 1556 1437 1643 diemque

575 1675 624 1726 st.
656 1661 798 1749 Exigere
819 1662 997 1728 immunem
1019 1673 1053 1728 et
1077 1673 1160 1727 totus
1184 1683 1374 1728 consumere
1397 1684 1508 1726 somno

659 1767 784 1856 Ignuvo
806 1780 918 1836 noctes
941 1778 998 1835 out
1020 1771 1102 1836 seris
1125 1768 1263 1857 prandio
1286 1769 1375 1834 cenis

658 1875 864 1963 Continuam,
886 1879 981 1965 gravi
1005 1889 1037 1943 et
1061 1876 1227 1944 madidum
1252 1876 1420 1964 indulgere
1443 1875 1547 1966 lyuco.

659 1984 749 2050 Idem
773 1985 941 2051 bominum
964 2007 1070 2052 moros
1093 1984 1269 2051 multorum
1292 1986 1384 2050 novit
1406 1995 1439 2050 et
1462 1983 1559 2049 urbes
1571 1989 1591 2071 ¹,

658 2093 883 2180 Externssque
905 2093 998 2158 aulus
1021 2115 1136 2179 rogum
1160 2092 1350 2180 pelegrinus
1374 2090 1486 2176 adivit,

575 2217 623 2266 to.
654 2200 805 2266 Disceret
828 2199 915 2267 unde
937 2223 1016 2268 suae
1039 2201 1163 2289 patriae
1187 2221 1252 2265 non
1274 2197 1444 2265 commoda
1466 2219 1580 2286 pauco.

747 2309 843 2374 Felix
865 2307 943 2376 binc
965 2308 1060 2375 illum
1083 2317 1247 2396 suspectat
1271 2307 1444 2375 Srencius²
1466 2305 1569 2401 heros,

656 2415 807 2503 Ploczks,
828 2414 992 2505 pristinus
1014 2427 1091 2482 tuus
1115 2427 1146 2483 et
1169 2426 1225 2481 tua
1248 2437 1369 2502 mogus
1392 2412 1550 2502 voluptas,

656 2524 760 2604 Felix,
783 2526 853 2591 sive
874 2523 983 2590 hostes
1006 2523 1123 2590 dextra
1146 2524 1296 2612 ferroque
1319 2523 1434 2611 petivit

655 2633 786 2697 Pernici
809 2630 959 2697 sublimis
981 2619 1065 2718 equo
1087 2642 1120 2697 et
1142 2630 1335 2698 metuendus
1358 2631 1393 2695 in
1417 2628 1525 2714 urinis,

573 2757 623 2805 ss.
655 2737 720 2805 Seu
743 2759 857 2825 pacem
879 2740 1034 2804 tractavit
1057 2737 1168 2804 stulti
1193 2739 1276 2803 scitu
1299 2747 1439 2803 senatus.

744 2844 827 2910 Inde
850 2843 955 2910 bonus
977 2845 1084 2930 dictis,
1107 2844 1415 2912 observantissimus
1438 2841 1532 2928 coqui

655 2953 763 3039 Atque
785 2951 872 3036 boni,
894 2952 1026 3038 iugenio
1050 2973 1176 3039 semper
1198 2951 1333 3037 gavisus
1356 2959 1477 3036 aperto,

653 3055 838 3123 Fraudibus
862 3069 958 3145 utque
980 3056 1065 3121 dolis
1087 3055 1278 3144 teclrnisquc
1300 3056 1448 3121 infensus
1471 3054 1601 3141 opertis,

656 3162 810 3230 Albcrtus
834 3162 1090 3248 Sturorreltius⁸,
1113 3185 1176 3250 quo
1200 3161 1335 3230 Obelrns
1358 3163 1452 3228 locutu
1475 3167 1545 3228 est⁴

573 3291 621 3336 ro.
651 3271 818 3356 l‘ontifloe,
840 3271 972 3337 intentis
994 3270 1098 3336 oculis
1122 3280 1286 3359 suspectat
1308 3269 1457 3336 eundem.

744 3376 992 3468 ostenduntque
1015 3379 1084 3444 suis
1107 3377 1212 3464 umbo,
1236 3379 1375 3468 vestigio
1398 3379 1491 3446 cuius

654 3488 844 3576 Proponunt
866 3487 1031 3574 sectando,
1055 3487 1117 3553 fuit
1139 3509 1223 3576 qnae
1245 3499 1278 3554 et
1300 3499 1435 3576 uterque
1458 3499 1599 3555 secutus.

655 3595 752 3663 Unde
775 3596 838 3663 sibi
861 3608 893 3664 et
915 3597 1041 3687 putriue
1063 3595 1194 3663 laudem
1218 3619 1371 3686 peperere
1394 3595 1567 3686 decusque

654 3705 751 3789 Quod
774 3729 839 3773 non
862 3717 990 3796 tempus
1014 3707 1109 3793 edax,
1132 3729 1197 3772 non
1220 3729 1292 3772 sero
1315 3705 1493 3773 aboleverit
1515 3717 1614 3794 setus,

573 3837 621 3881 rs.
652 3816 834 3901 Vir-turum,
857 3815 937 3881 dum
959 3828 1046 3881 terro
1071 3816 1188 3880 fretum
1213 3813 1355 3903 dumque
1378 3837 1453 3882 uoru
1476 3827 1603 3904 pontus,

654 3923 807 4011 Dumque
829 3945 886 3990 uer
908 3924 1018 4011 iguem
1041 3931 1072 3988 rt
1095 3921 1174 3988 <lum
1197 3922 1325 3989 caelum
1348 3925 1486 3989 sustinet
1508 3923 1612 3990 Atlas.

656 4105 664 4134 ¹
684 4105 760 4156 Corui.
779 4107 874 4156 lieret
894 4105 979 4170 Epist
1000 4107 1020 4169 1,
1039 4105 1065 4166 2,
1085 4120 1109 4158 v.
1131 4105 1164 4157 111
1183 4123 1221 4170 sq.

654 4189 665 4222 ¹
684 4193 742 4244 Lib.
762 4208 835 4244 corn.
854 4192 949 4243 hebet:
972 4193 1150 4256 „Strsncius“.
1172 4194 1248 4243 Felix
1267 4194 1319 4243 obi.
1340 4209 1364 4244 u.
1382 4191 1457 4245 1554.
1477 4193 1553 4242 Gonl.
1568 4209 1611 4259 μς.
1628 4191 1688 4246 168

653 4277 735 4332 ⁸310.
755 4295 803 4332 nis.
832 4281 896 4332 suu
914 4282 1055 4345 spiscopus
1074 4279 1233 4332 chelmsnsis
1252 4297 1294 4331 uu
1316 4281 1500 4333 loss-1577.
1530 4279 1689 4346 Appollutnr

545 4369 629 4421 etium
645 4368 779 4434 Sobiejski
797 4369 979 4435 (Sobisjuski).
999 4369 1075 4420 Coni.
1096 4371 1217 4421 oanuinu
1236 4369 1270 4420 sd
1288 4369 1402 4420 eundem
1415 4369 1517 4435 scriptu
1529 4385 1573 4436 pfl.
1589 4367 1641 4422 143
1649 4385 1689 4436 sq.

653 4459 665 4488 ⁴
683 4460 726 4510 ltu
744 4459 925 4524 contineretur,
944 4459 971 4510 id
989 4459 1060 4524 quod
1079 4459 1132 4510 ulio
1152 4459 1210 4510 loco
1225 4475 1285 4509 sum
1297 4459 1458 4525 auspicum,
1477 4458 1617 4509 ulbertum
1630 4459 1690 4510 Stu-

546 4547 697 4598 rorrsobrki
709 4548 800 4598 rtrum
809 4547 897 4600 adbuc
906 4547 1059 4614 sepulcrum
1069 4549 1121 4598 sibi
1131 4548 1320 4599 exstruendum
1330 4549 1475 4599 curavisse.
1490 4547 1566 4598 Oonl.
1577 4563 1620 4614 pg-
1630 4544 1689 4600 144.
