4109 5767
878 777 1045 814 aususausus,
1478 762 1519 827 11

487 975 690 1062 Attonitique
711 981 851 1061 stupent,
874 971 967 1037 illum
989 969 1053 1058 hio,
1075 969 1130 1038 lrio
1153 972 1269 1060 aspicit
1292 971 1394 1060 illurn,

383 1105 453 1150 sss.
483 1083 519 1150 Si
542 1081 677 1149 eredunt
700 1079 771 1164 sibi,
795 1101 878 1168 quae
901 1101 1011 1144 eoram
1035 1089 1236 1167 cernuntque
1258 1078 1442 1166 videntque.

576 1188 630 1252 An
652 1209 712 1253 rex
734 1186 886 1251 immanis
909 1207 1022 1250 rursus
1045 1183 1110 1250 tela
1132 1185 1233 1272 impie
1256 1207 1363 1250 sumes

484 1294 731 1382 Suerilegasque
753 1314 870 1357 manus
893 1291 1020 1378 superis
1044 1291 1191 1357 infensus
1213 1302 1246 1357 et
1267 1290 1398 1357 aethrae

487 1401 642 1467 Intuleris
667 1399 808 1483 demens,
832 1397 945 1468 diuum
967 1408 1000 1464 et
1023 1397 1183 1462 miraeulu
1205 1397 1319 1483 solves,

487 1508 592 1595 Inque
614 1507 724 1572 anima
747 1527 875 1572 cassum
898 1514 955 1569 tua
979 1503 1150 1570 strinxeris
1173 1525 1264 1568 arma
1288 1503 1450 1570 cadaver?

383 1636 455 1682 seo.
485 1613 608 1694 Quanti
630 1612 718 1697 alim,
740 1611 866 1697 infelix,
889 1610 962 1697 heu,
985 1611 1098 1700 quanti
1122 1611 1283 1699 optaveris
1305 1620 1450 1697 emptum

488 1720 680 1786 Pontifieem
700 1719 860 1784 intactum
882 1728 914 1784 et
936 1740 1067 1784 suerum
1090 1739 1236 1784 servasse
1260 1717 1430 1784 eruerem?

487 1828 567 1894 Mox
588 1849 698 1914 regno,
721 1862 763 1874 -
786 1823 886 1891 breve
907 1834 1034 1912 tempus
1058 1825 1128 1910 erit,
1150 1863 1189 1874 -
1215 1823 1370 1912 depulsus
1392 1825 1480 1890 evito

489 1933 634 2022 Lugebis
656 1942 713 1999 tua
735 1933 832 2018 saeta,
854 1931 949 1998 exsul
971 1941 1058 1998 teete
1080 1941 1192 1998 extera
1214 1953 1380 2019 quaerens.

578 2038 725 2108 Condere
747 2060 865 2126 eorpus
886 2038 977 2103 humi
1000 2047 1214 2125 sanctumque
1235 2038 1355 2104 inferre
1376 2036 1527 2124 repulere

384 2167 456 2214 sesa
486 2147 628 2234 Tempus
651 2155 730 2231 erat,
752 2144 842 2210 nullo
864 2167 906 2211 no
928 2167 1067 2230 magnus
1090 2143 1211 2209 honore
1233 2144 1353 2209 iaoeret

488 2252 624 2340 Mur-tyr,
647 2272 767 2337 magna
788 2249 865 2316 lieet
887 2249 1005 2336 populo
1028 2259 1175 2336 spectare
1198 2248 1299 2314 libido

488 2355 653 2423 Praesulis
675 2377 731 2422 um
753 2355 814 2439 sui,
837 2377 898 2421 nee
921 2378 955 2422 se
976 2356 1094 2422 satiare
1116 2353 1258 2422 videndo

491 2463 630 2529 Attoniti
653 2462 787 2551 praesint,
809 2471 865 2528 net
888 2462 955 2526 lixa
977 2460 1119 2528 oaduver
1141 2462 1175 2526 in
1198 2461 1304 2548 ipsum

489 2570 632 2636 Lumina
653 2578 686 2636 et
708 2568 849 2635 intentas
872 2569 1002 2635 valeant
1025 2578 1170 2635 avertere
1192 2576 1325 2636 mentes.

384 2697 455 2744 uo.
486 2678 531 2744 Aa
551 2676 683 2744 tandem
705 2676 786 2742 (lant
807 2698 926 2764 eorpus
948 2675 1046 2741 humo
1070 2675 1191 2764 vilique
1213 2674 1339 2742 loeatus

490 2786 635 2872 Aggestu
656 2806 675 2850 e
697 2793 784 2849 terra
806 2782 931 2848 tumulo
954 2783 1175 2870 Seepunovius
1197 2781 1300 2869 heros,

491 2892 655 2957 Maximus
677 2890 789 2976 exigui
812 2890 904 2954 iuxta
925 2889 1010 2954 iacet
1032 2890 1115 2955 ostie
1137 2888 1257 2976 templi.

490 2998 563 3062 Nou
587 2996 635 3062 illi
657 2994 796 3084 populus
819 2995 898 3061 dure
920 2997 1089 3061 marmoris
1112 3019 1210 3061 ausus
1233 2995 1380 3082 honores,

491 3103 565 3170 Non
588 3104 674 3168 intra
697 3101 834 3168 delubra
855 3101 947 3167 illum
969 3102 1132 3170 tumulare
1154 3104 1301 3186 deorum3

386 3234 458 3280 ses.
487 3212 561 3277 Non
583 3210 722 3297 lugubre
746 3219 869 3277 eanunt
890 3209 1053 3276 tumulum
1076 3233 1137 3277 nee
1160 3211 1302 3277 earmine
1326 3211 1466 3298 signant.

490 3317 585 3382 Talis
606 3317 635 3381 si
658 3316 789 3402 faciant,
812 3339 946 3383 saevum
968 3317 1106 3382 timuere
1128 3325 1305 3408 tyrannum

488 3423 713 3507 Funestasque
735 3445 860 3506 manus,
883 3423 999 3487 iterum
1022 3445 1064 3488 ne
1087 3422 1179 3486 dirus
1202 3420 1235 3486 in
1259 3443 1331 3485 ems

491 3527 598 3592 Irruut
620 3536 653 3592 et
676 3525 788 3592 elausa
811 3549 922 3592 mones
945 3526 1106 3592 disturbet
1129 3524 1170 3591 ab
1195 3547 1286 3610 urna,

489 3633 744 3718 Pontifieemque
767 3654 863 3696 suum
885 3633 995 3698 vident
1017 3633 1176 3699 Orneovia
1199 3640 1330 3697 eentum

387 3758 458 3804 sto.
487 3736 620 3805 Seotuur
643 3738 678 3803 in
702 3737 807 3802 frusta
828 3738 945 3803 iterum
968 3737 1195 3825 disoerptaque
1218 3737 1376 3825 praesulis
1399 3758 1465 3802 ora.

580 3845 654 3910 Non
677 3843 758 3910 haee
780 3843 934 3908 finitimus
956 3853 1083 3910 tantum
1106 3843 1239 3932 vulgata
1261 3866 1319 3932 per
1338 3842 1436 3910 urbes

490 3952 522 4016 It
544 3952 633 4018 fame
652 3961 684 4018 et
706 3949 838 4017 erudele
861 3951 966 4034 nefus3
989 3974 1054 4017 non
1078 3951 1217 4040 frigidus
1241 3952 1322 4036 exis,

491 4057 561 4124 Nee
584 4058 644 4123 soli
667 4056 729 4123 hoe
752 4066 874 4145 septem
897 4059 996 4123 funus
1015 4059 1135 4125 flevere
1156 4059 1289 4124 triones:

491 4163 556 4230 Res
578 4162 644 4228 lete
665 4164 790 4229 exierat
812 4163 993 4251 populoque
1016 4164 1129 4229 audite
1152 4165 1269 4230 Latino
1291 4174 1340 4231 est

389 4294 460 4339 sss.
492 4269 731 4357 Hesperiasque
753 4269 851 4335 omni.
881 4271 951 4336 Iam
974 4269 1153 4360 'l'lrybridis
1177 4268 1289 4338 eoeola
1311 4269 1402 4360 luget

492 4375 732 4465 Ilemuleusquo
753 4387 853 4466 proter,
874 4377 959 4443 vasti
982 4377 1078 4445 (lutus
1101 4378 1222 4446 arbiter
1244 4377 1340 4465 orbis,

492 4492 666 4558 Terrarum
689 4493 834 4581 eeelique
857 4505 969 4581 potens
993 4496 1169 4583 nigraeque
1191 4494 1368 4584 gehennae,

490 4599 657 4688 ingemuit
678 4599 778 4667 oaede
800 4599 911 4667 auditu
935 4600 1150 4690 lacrimasque
1171 4601 1329 4690 profudit;

492 4705 732 4794 Exeideratque
754 4731 851 4796 aegro
874 4731 972 4798 prope
994 4711 1116 4776 vertice
1139 4732 1233 4776 saera
1254 4711 1347 4796 tiara,

387 4834 459 4881 sse.
487 4815 678 4902 Dextraque
699 4815 757 4881 vix
780 4827 944 4904 sceptrum
966 4818 1080 4903 tenuit,
1103 4816 1277 4906 oubiteque
1300 4827 1444 4884 moratus
