4109 5767
1194 288 1330 368 4'82
2049 329 2055 336 -
2149 319 2302 354 mm
2341 319 2518 354 nonu

3276 389 3500 399 —-

3274 400 3502 412 —

1407 510 1638 577 Ludus
1684 512 2005 598 equestris
2050 510 2164 576 hie
2208 521 2325 577 est.
2370 511 2574 577 Recte
2618 510 2983 599 appellatur
3025 514 3370 599 equestris,

1513 616 1663 684 Non
1708 616 1903 682 homo
1949 618 2059 682 eui
2106 614 2222 681 sed
2268 616 2383 682 dat
2428 616 2648 682 bellua
2693 638 2931 682 nomen
2977 639 3197 707 equus.

2177 761 2501 880 Lx‘vm.

2076 942 2179 992 De
2234 938 2596 992 numm0¹0

1348 1118 1351 1122 ,
1408 1044 1650 1113 Omnia
1695 1068 2005 1113 nummus
2050 1046 2227 1113 emit.
2271 1044 2498 1112 Tellus
2544 1046 2666 1113 tibi
2711 1056 2961 1135 pareat,
3006 1057 3206 1137 optas,

1511 1154 1599 1219 Et
1645 1153 1825 1222 Iovis
1872 1165 1937 1220 et
1981 1155 2162 1220 Ditis
2208 1153 2438 1241 regia?
2491 1153 2818 1220 Nummus
2863 1165 3050 1223 emet.

2216 1349 2471 1418 LXIX.

1949 1480 2032 1530 De
2071 1480 2346 1545 obsequio
2382 1481 2655 1532 casu-ensi
2674 1476 2712 1531 ¹.

1404 1593 1595 1660 Iussa
1640 1594 1830 1663 ducis
1876 1597 2006 1662 nisi
2053 1593 2242 1662 miles
2288 1594 2485 1662 habet
2532 1595 2716 1663 velut
2759 1596 2935 1664 edita
2981 1596 3180 1684 eaelo,

1511 1701 1768 1768 Adnuit
1811 1712 1877 1768 et
1919 1704 2052 1769 nisi
2096 1725 2265 1790 quae
2311 1703 2469 1790 dux,
2515 1726 2594 1769 ea
2637 1702 2826 1770 miles
2871 1706 3025 1790 obit,

1402 1806 1515 1874 Nil
1564 1807 1807 1876 bellum
1855 1810 1922 1875 in
1970 1808 2142 1877 bello
2189 1818 2312 1894 est3
2359 1810 2642 1877 victoria
2685 1811 3020 1898 quaeritur
3063 1810 3252 1898 hosti,

1510 1915 1805 2005 Cumque
1850 1916 2090 2005 probro
2138 1927 2390 1982 eertum
2436 1928 2535 1982 est
2581 1916 2735 1984 inde
2780 1917 2998 1984 redire
3043 1916 3329 1984 domum.

1285 2045 1338 2092 ε.
1401 2022 1657 2113 Linque
1699 2024 1905 2113 igitur
1952 2023 2094 2091 dux
2141 2033 2376 2110 eastra,
2421 2025 2526 2090 vir
2571 2034 2686 2091 aunt
2728 2022 2854 2093 hoo
2901 2024 3111 2111 effice,
3156 2024 3371 2091 diseat

1514 2131 1678 2200 Esse
1723 2142 1836 2199 tuo
1879 2131 2071 2199 miles
2118 2154 2374 2221 semper
2418 2132 2488 2198 in
2536 2131 2825 2200 arbitrie.

1406 2240 1670 2329 Lingua
1714 2251 1830 2307 tua
1874 2250 1992 2327 est,
2035 2264 2168 2330 qua
2211 2241 2602 2329 praecipias:
2650 2240 2777 2307 hae
2823 2252 3022 2307 utere.
3066 2239 3258 2306 Miles

1509 2347 1730 2415 Debet
1775 2347 2016 2413 habere
2062 2370 2273 2436 aures,
2318 2347 2513 2414 debet
2556 2347 2799 2415 habere
2844 2371 3096 2414 manus.

1900 2617 1904 2621 y
2229 2540 2449 2606 LXX.

1894 2668 1978 2726 De
2017 2669 2247 2734 regibus
2283 2683 2399 2718 non
2436 2670 2718 2719 violandis
2733 2665 2770 2735 ⁸2

1409 2771 1580 2841 Sunt
1623 2771 1797 2839 oeuli
1846 2770 2054 2859 multi,
2103 2771 2349 2839 multae
2393 2783 2549 2840 sunt
2593 2773 2858 2861 regibus
2904 2795 3110 2860 aures,

1511 2879 1599 2947 Et
1645 2903 1833 2969 reges
1879 2879 2120 2948 multas
2169 2890 2423 2948 constat
2465 2881 2709 2949 habere
2753 2904 3005 2948 manus.

1406 2988 1519 3057 Nil
1567 2988 1785 3058 faeere
1827 2991 1899 3058 in
1946 3013 2155 3081 reges,
2200 2990 2293 3058 nil
2344 2991 2564 3060 dicere
2608 2993 2917 3061 eonvenit
2960 3014 3132 3082 ergo,

1514 3099 1641 3168 Oui
1688 3099 1902 3168 duleis
1949 3102 2090 3170 vita
2136 3112 2252 3189 est,
2296 3103 2407 3169 eui
2454 3124 2574 3169 sua
2619 3123 2776 3169 cara
2819 3101 3014 3189 salus,

1288 3228 1345 3274 ⁶.
1408 3208 1526 3295 Ne,
1571 3210 1746 3297 regis
1792 3210 1903 3298 qui
1951 3209 2175 3276 oculos
2223 3233 2542 3299 auresque
2588 3209 2931 3277 offenderit
2974 3208 3215 3295 audax,

1514 3316 1750 3382 Discat
1797 3316 1960 3382 flens
2006 3317 2249 3384 multas
2295 3319 2560 3405 regibus
2605 3340 2749 3384 esse
2793 3339 3044 3382 manus.

2209 3511 2464 3578 LXXI.

2000 3640 2090 3689 In
2154 3637 2680 3691 Sentianum

1406 3746 1704 3835 Nupsisti
1750 3771 1986 3837 nuper3
2035 3772 2214 3816 nune
2261 3772 2348 3837 es,
2396 3750 2682 3837 Sentine,
2727 3753 3024 3822 maritus:
3079 3813 3082 3817 ,

1515 3853 1791 3920 Femina
1835 3856 1948 3944 qui
1968 3859 1995 3900 ⁸
2039 3857 2279 3943 fueras,
2327 3856 2500 3922 unde
2546 3867 2806 3945 repente
2857 3858 2965 3923 vir
3008 3857 3129 3924 es?

1413 4049 1430 4081 ¹
1469 4051 1587 4104 Οιι.
1624 4049 1731 4104 262
1778 4073 1827 4095 -
1877 4067 2022 4105 coru.
2061 4050 2184 4105 340.

1412 4138 1433 4169 ¹
1470 4141 1589 4192 On.
1626 4137 1733 4194 263
1779 4164 1828 4186 =
1878 4158 2023 4196 eoru.
2061 4141 2171 4196 340
2206 4159 2284 4210 sq.

1408 4227 1431 4259 ⁸
1467 4231 1584 4284 Osa.
1624 4229 1732 4285 224
1777 4254 1827 4276 ι-
1874 4249 2019 4287 eoru.
2061 4233 2184 4287 315.

1404 4318 1427 4349 ⁴
1464 4322 1581 4373 Osa.
1620 4321 1729 4376 200
1774 4345 1824 4367 -
1875 4340 2020 4378 eom.
2060 4323 2184 4377 301.

1402 4406 1426 4437 ⁸
1462 4413 1635 4464 Com:
1679 4417 1902 4481 „quse“.
1942 4416 2130 4467 Lectio
2167 4414 2324 4467 ossol.
2368 4414 2523 4482 ¹‚quv⁸
2566 4415 2868 4467 sententies
2908 4415 3082 4483 mci·
3118 4414 3386 4468 convenit.
