4109 5767
919 791 1085 830 manamaur.
1539 773 1562 842 5

521 983 585 1050 Ast
606 981 810 1071 quemlaota
832 1006 929 1049 saum
951 983 1177 1072 Srrepanouial
1199 984 1299 1052 iaetat
1322 985 1501 1070 alumnam,

412 1108 418 1119 ’
524 1091 667 1158 Tantam
689 1090 919 1179 asmodaeus,
942 1091 1022 1159 felix
1046 1091 1248 1181 Seepanovia
1270 1092 1379 1160 tellusl

525 1199 600 1265 Neu
622 1198 679 1265 illo
700 1197 863 1288 quendam
887 1199 1023 1288 populos
1045 1222 1155 1267 errare
1176 1200 1332 1289 magistro

439 1328 493 1373 so.
523 1307 589 1372 Fas
610 1315 680 1372 erat
703 1314 761 1372 aut
783 1305 869 1372 divis
892 1305 998 1372 oolere
1021 1307 1122 1394 impia
1145 1308 1223 1373 fana
1245 1306 1376 1393 relietis,

525 1411 599 1477 Non
620 1410 711 1476 vitiis
733 1431 867 1476 onerare
891 1411 1026 1496 animes,
1048 1434 1114 1477 non
1137 1406 1274 1478 erimine
1295 1413 1397 1476 vitam

525 1515 674 1581 Polluere
695 1525 728 1581 et
749 1514 849 1581 taeito
870 1537 1001 1582 versare
1024 1517 1059 1581 iu
1082 1526 1210 1604 pectore
1233 1515 1374 1603 fraudes,

524 1620 666 1687 Insidias
689 1629 813 1688 struere
835 1630 867 1688 et
889 1645 1018 1688 mensas
1041 1631 1199 1689 temerare
1220 1645 1355 1710 veneno,

526 1727 602 1793 Non
625 1725 733 1794 edisse
755 1749 832 1793 suos
855 1728 1001 1816 iramque
1023 1728 1182 1796 laeessero
1204 1727 1327 1816 diuum,

487 1883 495 1900 .
525 1833 680 1900 'l'nrbatis
703 1834 805 1900 saeris
827 1843 860 1902 et
881 1834 1038 1922 religione
1059 1843 1196 1901 vetusta

615 1939 690 2004 Nou
713 1939 788 2003 fas’
810 1940 937 2026 ignotos
960 1940 1031 2004 sine
1052 1940 1201 2027 praesule
1222 1941 1345 2027 figare⁸
1364 1941 1446 2006 ritus

529 2044 572 2109 Et
594 2065 716 2109 morem
738 2043 868 2132 templis
891 2044 1012 2111 undere
1035 2045 1199 2132 imponere
1221 2043 1345 2130 divum,

528 2148 678 2222 Sanotior
700 2152 763 2216 ae⁴
785 2151 858 2216 aevi
881 2173 965 2237 quae
985 2173 1067 2238 gens
1090 2149 1164 2216 tulit
1186 2149 1244 2216 illa
1267 2150 1392 2238 prioris,

528 2255 685 2346 Quaeque
706 2256 803 2325 herlie
825 2258 910 2324 vasti
933 2259 1080 2347 sequitur
1101 2281 1177 2348 pars
1199 2258 1344 2325 maxima
1365 2256 1489 2346 mundi,

488 2414 495 2431 .
526 2365 681 2433 Arbitriis
703 2375 829 2434 mutare
852 2367 920 2433 sais
944 2376 976 2434 et
998 2365 1068 2433 sola
1090 2375 1204 2456 putare

528 2473 640 2561 Reate,
662 2475 793 2563 ploeent
816 2475 873 2541 uni
896 2475 1015 2564 populo
1037 2498 1250 2563 quaeeunque
1272 2476 1417 2564 profano,

528 2580 793 2670 contemptisque
814 2604 915 2648 novos
937 2582 1085 2670 patribus
1107 2582 1327 2671 praescribere
1350 2582 1488 2667 nultus„

529 2684 579 2753 Sit
600 2696 756 2773 tanquam
778 2687 927 2751 afflatum
950 2687 1074 2752 meliori
1097 2688 1230 2753 numine
1252 2685 1381 2774 vulgus,

527 2790 595 2856 Oea
620 2792 746 2878 rigeant
769 2813 927 2879 praeeras,
947 2793 990 2857 sit
1011 2792 1142 2858 flamine
1165 2791 1262 2880 plena
1283 2791 1344 2858 deo
1365 2790 1491 2879 plebs.⁸

487 2945 496 2961 .
527 2895 647 2975 Qualia
668 2907 813 2963 monstra
834 2919 968 2985 gamem
991 2906 1101 2964 nostra
1124 2919 1220 2986 aegre
1242 2897 1380 2964 sustinet
1402 2907 1490 2964 aetas

527 3001 736 3089 laetatusque
758 3024 851 3070 saeer
872 3011 919 3068 tot
940 3003 1186 3092 tempestatibus
1209 3001 1296 3070 ordo.

526 3107 642 3196 'l'nqaa
664 3109 755 3195 adeo,
778 3110 923 3177 Rarum
944 3119 1045 3198 pater,
1068 3111 1122 3176 eui
1144 3119 1231 3177 terra
1252 3110 1444 3199 fretumque,

527 3213 589 3282 (tui
612 3213 699 3306 Styx
722 3215 858 3303 mortali,
881 3215 996 3284 melior
1017 3217 1072 3283 eui
1094 3225 1186 3306 paret
1208 3215 1380 3308 Olympus,

528 3320 710 3409 Indignaris
732 3321 797 3390 late
820 3323 965 3412 spoliatis
987 3325 1108 3413 aspieis
1131 3325 1196 3389 aris

487 3475 495 3491 .
527 3425 785 3516 Sarmatismqae
808 3427 898 3495 doles
920 3438 1049 3495 tantum
1071 3430 1105 3495 in
1129 3429 1305 3496 diserimen
1327 3429 1404 3495 iisse

528 3532 712 3621 Suanorum,
736 3535 820 3601 male
839 3535 970 3602 vieinus
993 3557 1092 3623 qaam
1114 3535 1252 3624 peroulit
1275 3557 1372 3602 error.

529 3639 572 3706 lu
594 3640 658 3706 nisi
680 3662 740 3708 nos
761 3641 894 3710 tandem
917 3642 1008 3710 eaelo
1031 3642 1112 3710 deus
1135 3665 1257 3732 aequus
1279 3641 1321 3708 ab
1344 3641 1409 3709 alto

528 3747 700 3836 Respeotet
722 3750 866 3837 miseros,
888 3750 1011 3816 frustra
1033 3759 1090 3817 tua
1113 3749 1251 3816 fulmina
1273 3759 1403 3838 torques

527 3855 750 3945 Aeternasqne
772 3880 869 3925 uaeas
892 3867 925 3925 et
948 3859 1044 3946 nigra
1067 3858 1201 3924 minaris
1224 3880 1354 3924 averna

531 4128 540 4158 ¹
566 4131 654 4198 Pagus
678 4131 707 4181 in
732 4138 805 4183 terra
829 4131 1001 4184 Craaovlmsi
1026 4147 1107 4198 propa
1130 4130 1276 4183 Boehnlanr
1299 4131 1393 4182 urbem
1415 4129 1493 4194 situs,
1517 4127 1566 4181 ubl

417 4221 488 4270 stur.
507 4217 658 4270 sanatam
676 4235 702 4272 a.
720 4218 792 4274 10³0
809 4229 889 4272 natas
908 4237 966 4273 asae
980 4219 1104 4272 traditur.
1125 4219 1249 4272 (tatarum
1262 4219 1333 4272 aaut.
1347 4217 1384 4269 sia
1396 4216 1431 4270 ad
1444 4215 1565 4287 singulos

420 4303 494 4360 loeas
511 4305 591 4360 halas
609 4309 736 4361 asrrnlais
754 4309 943 4363 adnotationes
966 4308 1118 4374 lrlstorioas,
1142 4324 1210 4376 quas
1233 4307 1295 4360 dadi
1319 4306 1354 4360 ad
1372 4309 1504 4376 Paasgpr.
1527 4305 1563 4359 ad

416 4394 476 4450 dlv.
493 4397 658 4450 stanislaum
676 4398 755 4450 Pauli
773 4399 929 4451 Orosnamh
951 4400 980 4450 la
1005 4399 1092 4451 altaro
1109 4397 1245 4452 volumina
1262 4397 1386 4465 Corporis
1404 4395 1468 4450 iada
1484 4411 1502 4448 a
1520 4412 1564 4464 με.

417 4480 465 4537 42.
484 4483 591 4538 Clarius
610 4493 638 4539 at
655 4488 810 4540 secuntias
828 4485 912 4541 Paulo
930 4489 1069 4540 anarravit
1086 4503 1141 4539 ram
1162 4487 1285 4554 ltoyalus.

529 4569 541 4602 ¹
558 4575 621 4626 seu.
640 4575 719 4639 anim,
737 4591 801 4628 asra
816 4583 858 4629 ast
869 4575 1008 4644 digrasaio.
1026 4591 1096 4642 qaae
1109 4575 1220 4643 raspislt
1233 4582 1352 4642 tompora
1363 4573 1447 4640 ipsias
1459 4571 1565 4640 postss'.

532 4657 544 4690 ¹
559 4661 605 4714 δίο
622 4662 651 4714 ln
669 4660 747 4718 libra.

530 4747 542 4780 ⁴
559 4751 603 4802 lta
619 4751 648 4814 la
667 4751 736 4812 libre
754 4768 802 4820 pro
821 4756 936 4820 ,atqas'
954 4753 1114 4821 optimorum
1133 4752 1301 4820 scriptarum.

528 4835 543 4868 ⁸
558 4838 577 4892 l.
595 4855 618 4892 a
636 4839 714 4906 quasi
727 4839 822 4907 vulgus
834 4841 988 4908 proosrlbua
1000 4847 1152 4907 praestaret
1163 4839 1263 4896 ludlalo
1274 4838 1405 4891 (livinitus
1422 4837 1565 4906 inspirata.
