4109 5767
723 806 759 841 nr
777 804 918 842 seranum
935 805 1091 843 sumnus
1109 808 1166 846 sre-
1477 785 1524 856 δῖ

376 887 688 896 κ--ι--οω--υ--ο
704 886 780 896 -συκ
786 889 970 896 uma——

484 999 635 1066 Aseaasu
656 1008 788 1089 superat
811 1021 944 1067 surram
965 997 1176 1088 Balieemqae
1197 996 1359 1090 relinquit.
1413 992 1419 1058 ἶ

484 1106 528 1170 Iit
549 1128 592 1170 ne
613 1127 672 1171 rex
696 1127 811 1195 eampo
833 1107 868 1171 in
891 1106 998 1171 medio
1020 1104 1185 1194 gelidique
1207 1106 1268 1173 sub
1292 1127 1355 1174 exe
1414 1155 1419 1162 -

379 1231 454 1278 rra.
485 1209 636 1278 Aetheris
658 1221 823 1299 exspeetet
846 1212 1039 1298 venientem,
1062 1211 1235 1279 immittere
1257 1211 1401 1280 habenas

482 1317 626 1405 Aurigas
649 1317 739 1384 iubet
761 1326 793 1383 et
816 1339 931 1384 eurrus
953 1312 1078 1404 agitare
1100 1319 1223 1384 eitatos.

483 1423 593 1512 Atque
613 1423 672 1490 ubi
693 1424 758 1490 iam
783 1422 826 1489 ad
849 1446 990 1511 campos,
1012 1423 1069 1488 ubi
1089 1433 1176 1490 stant
1190 1433 1297 1490 eastra
1312 1423 1424 1510 ardus,
1438 1446 1524 1491 ven-

1267 1529 1348 1616 [tum
1371 1538 1429 1616 est,

483 1636 603 1702 Viaine
624 1636 738 1724 regina
760 1634 831 1702 loeo
855 1636 1010 1722 consistit,
1033 1636 1155 1702 amieos

483 1742 581 1810 Unde
604 1753 707 1832 potest
731 1744 817 1832 regis
840 1743 950 1810 vultus
974 1753 1128 1832 spectare,
1151 1742 1303 1810 deeoram

376 1874 452 1918 ssa.
484 1851 527 1918 Et
550 1851 699 1939 speeiem,
723 1875 788 1941 qua
811 1851 1018 1919 Sauromatas
1042 1852 1258 1940 supereminet
1283 1875 1403 1919 omnes.
1517 1871 1523 1906 ·'

572 1958 668 2024 Tune
690 1959 836 2046 equiturn
857 1966 989 2043 turmas,
1012 1981 1097 2045 quae
1119 1981 1154 2024 se
1177 1967 1343 2024 seetantar
1364 1957 1406 2025 ab
1429 1956 1520 2046 urbe,

483 2064 637 2149 Ingentes
659 2064 784 2130 eireum
807 2075 922 2130 eamus
945 2087 1003 2130 rex
1026 2065 1162 2151 imperat
1185 2065 1232 2130 ire

483 2168 628 2256 Reginae
651 2178 726 2235 ante
748 2169 859 2235 oeulos
883 2169 1061 2257 urbemque
1083 2168 1189 2236 redire
1211 2170 1341 2258 prienes

484 2276 625 2364 Imperio
647 2275 724 2341 laeti
747 2285 861 2364 parent
885 2285 917 2342 et
940 2277 1030 2341 iussa
1053 2277 1230 2342 facessunt:

379 2420 453 2466 m,
485 2381 680 2467 Proeedunt,
703 2383 829 2470 agitant
849 2392 881 2448 et
904 2405 1004 2471 arquos
1026 2391 1059 2448 et
1082 2381 1172 2449 ealee
1194 2382 1346 2469 fatigant3

483 2488 618 2554 Ferrato
640 2498 706 2556 toto
728 2489 793 2555 late
815 2499 909 2555 sonat
931 2488 1055 2576 ungula
1077 2510 1202 2584 eampo.¹

483 2596 622 2661 Miratur
643 2597 757 2684 regins
778 2597 875 2680 viros,
897 2597 1034 2661 miratur
1056 2605 1088 2661 et
1111 2597 1182 2661 auri

483 2703 561 2768 Vim
585 2725 738 2790 magnam
762 2712 794 2767 et
816 2701 937 2767 nitidas
961 2702 1156 2786 stringentes
1178 2700 1304 2766 lumina
1326 2693 1441 2786 vestes,

483 2809 654 2895 Ingentem
676 2817 708 2873 et
731 2807 928 2891 semitutum,
951 2815 1084 2871 onerata
1106 2803 1138 2873 et
1161 2804 1245 2872 eolla
1267 2797 1416 2890 eatenis}

379 2935 450 2980 rao.
482 2915 632 3000 Insignes
655 2914 792 2979 miratur
813 2899 913 3000 equas
937 2912 1151 3000 phalerasque
1167 2899 1330 3000 superbas

484 3021 641 3108 Quaeque
663 3019 728 3086 levi
750 3018 892 3108 pendent
914 3041 1048 3106 operosa
1070 3018 1203 3084 raonilia
1225 3017 1316 3086 eollo.

483 3127 554 3194 Nee
577 3126 685 3192 urinas
708 3125 741 3192 in
765 3125 881 3191 tunnis
903 3124 1011 3190 varios
1034 3119 1171 3190 miratur
1193 3123 1340 3190 amiotus.

485 3235 528 3301 Et
551 3235 615 3300 nisi
638 3235 845 3302 Situromatas
868 3234 951 3299 seiat
973 3255 1053 3318 esse,
1076 3233 1238 3321 putaverit
1260 3231 1329 3299 illie

484 3343 567 3408 Esse
588 3342 757 3407 hominum
773 3363 877 3428 genas
892 3362 999 3406 omne:
1022 3339 1077 3405 bie
1092 3349 1215 3405 vestem
1235 3338 1369 3404 indutus
1385 3337 1519 3426 iberam,

378 3470 451 3515 aas.
482 3446 544 3514 Ille
565 3447 690 3530 italam3
713 3456 762 3513 est
785 3469 881 3512 auras
904 3446 961 3533 qui
982 3445 1105 3511 vertiee
1127 3444 1237 3532 pulset
1256 3455 1352 3511 aeuto
1416 3435 1420 3442 ’

483 3552 656 3642 Implicitis
679 3553 777 3641 eapiti
799 3550 905 3639 longis
927 3550 1140 3617 mantilibus¹
1163 3549 1237 3616 alto.
1288 3599 1290 3604 ,
1359 3568 1361 3572 ’
1410 3591 1414 3600 -

485 3663 655 3750 Ingentem
675 3660 738 3726 lert
758 3658 812 3726 ille
835 3669 946 3746 return,
970 3682 1035 3748 qua
1058 3656 1190 3746 singula
1212 3657 1321 3742 nectit,

483 3769 618 3836 Pectore
641 3767 701 3834 sub
725 3767 844 3856 patulo,
867 3790 951 3857 quae
973 3766 1115 3854 pendere
1137 3765 1243 3854 vergit
1265 3765 1385 3853 iniquo.
1412 3814 1417 3820 .

485 3877 585 3942 Hune
608 3875 739 3940 sinuosa
760 3875 841 3962 tegit
864 3874 946 3939 talos
969 3873 1110 3938 demissa
1133 3870 1193 3937 sub
1216 3872 1303 3959 ipsos
1411 3863 1416 3926 .'

376 4004 451 4048 soe.
481 3982 592 4047 Vestis
615 3989 648 4044 et
670 3989 809 4066 angusto
832 3979 1024 4064 constringit
1047 3975 1201 4043 bracchia
1223 3997 1340 4063 penne
1417 3969 1419 4030 Ϊ
1494 3995 1521 4032 ·;

462 4085 635 4153 -Prolinae
657 4084 713 4150 ille
734 4093 837 4170 togae,
860 4082 942 4148 talos
965 4104 1048 4168 quae
1071 4080 1190 4170 pendet
1212 4079 1365 4165 adimes,
1415 4132 1417 4136 .

482 4192 730 4278 Augustumque
750 4188 947 4276 brevemque
969 4187 1070 4272 addit,
1093 4209 1177 4274 quae
1199 4183 1332 4272 eingalu
1354 4184 1494 4251 vixdum

485 4298 628 4385 Attingit
650 4296 819 4384 nudosque
840 4295 994 4383 relinquit
1017 4317 1117 4360 avara
1139 4291 1285 4359 lacertos.
1412 4341 1415 4348 .

485 4405 547 4470 'I'ot
569 4425 677 4469 rerum
701 4404 801 4470 faeies
823 4404 889 4468 iam
911 4401 1036 4467 lumina
1060 4401 1146 4466 fessa
1167 4396 1324 4465 videndos

376 4532 451 4576 aas.
482 4508 607 4576 Obtutu
630 4518 783 4575 steterant
805 4529 903 4594 aegre
926 4507 1093 4594 frustoque
1115 4505 1228 4592 rigore
1319 4498 1328 4562 ·'

486 4617 644 4684 Deieeere
665 4616 779 4701 asiam,
801 4615 916 4702 visque
938 4614 1044 4680 omnis
1066 4612 1157 4702 lapsu
1179 4610 1299 4679 tuendo
1319 4620 1376 4702 est

377 4771 585 4782 0———·.——-

487 4847 496 4878 ¹
515 4847 620 4901 cottus
637 4845 770 4914 quoddam
789 4845 930 4912 (kolaisrs)
947 4852 996 4898 aut
1013 4843 1156 4898 eueullum·
1168 4843 1310 4913 designare
1325 4835 1444 4899 eluitur.
