4109 5767
896 776 1052 814 enarrarre.
1482 766 1547 816 xix

408 844 437 863 Β·
444 842 798 865 ·.·-.·..·.=.·.·?·.·..·.=.=-;·.·-·-··=·.r.?=·.
806 848 818 865 ὅ
825 848 834 855 '

511 963 625 1053 Neque
653 976 761 1032 tamen
793 965 855 1033 bac
876 988 912 1033 re
927 989 1089 1032 summam
1105 965 1216 1033 mlarii
1240 967 1371 1035 abunde
1405 968 1548 1057 saneque

404 1079 536 1139 auctam
559 1094 631 1139 esse
652 1072 730 1141 inde
753 1073 980 1141 coniciendum
1010 1084 1073 1159 est,
1103 1075 1189 1161 qnod
1219 1073 1365 1165 Royaius
1397 1073 1548 1142 mercede

405 1180 581 1245 constituta
604 1202 667 1246 non
692 1190 859 1247 contentas
882 1191 975 1247 extra
998 1203 1117 1266 muros,
1140 1190 1177 1247 nt
1201 1182 1248 1248 its
1274 1181 1392 1267 dicam,
1415 1182 1548 1248 univer-

400 1286 511 1352 sitatis
532 1285 655 1353 reditus
671 1310 747 1353 suos
763 1286 964 1375 amplificare
979 1287 1168 1354 conabatur.
1191 1288 1291 1354 Brevi
1306 1288 1447 1354 innotuit
1462 1288 1547 1354 inter

405 1392 544 1458 Polouos
567 1392 637 1459 eius
660 1394 740 1459 iuris
763 1394 887 1481 peritia,
910 1415 1008 1481 quam
1032 1414 1108 1459 oum
1130 1416 1207 1459 mox
1233 1394 1331 1461 ctiam
1354 1392 1546 1460 romanulo-

404 1520 479 1564 rum
502 1497 655 1566 Poloniae
679 1499 899 1565 institutorum
931 1500 1045 1565 notitia
1068 1500 1231 1583 auxisset,
1262 1497 1386 1565 lactum
1415 1508 1480 1584 est,
1511 1508 1547 1565 ut

406 1606 508 1671 variis
531 1604 572 1672 de
594 1606 704 1673 causis
726 1628 746 1671 a
769 1604 1007 1673 consultoribus
1031 1606 1146 1672 crebro
1161 1603 1315 1673 adiretur.
1337 1604 1403 1673 Sed
1417 1615 1451 1672 ct
1465 1604 1547 1675 haec

405 1712 575 1801 provincia
597 1734 661 1779 non
686 1714 765 1779 satis
790 1715 957 1780 fructuosa
980 1713 1083 1780 fuisse
1103 1712 1247 1780 videtur:
1269 1712 1404 1780 laetiora
1418 1713 1548 1781 uberio-

406 1842 506 1909 rnque
529 1820 664 1887 rediisse
687 1820 750 1888 sibi
773 1844 815 1888 ex
838 1820 1050 1907 carminibus,
1077 1819 1195 1909 quibus
1217 1820 1399 1911 pangendis
1421 1830 1548 1911 tempus

403 1929 447 1995 ab
469 1928 589 1995 officiis
613 1928 770 1996 relicuum
795 1928 938 1996 studiose
968 1930 1162 2015 insumeret,
1192 1930 1261 2018 ipse
1291 1929 1461 1996 adnotavit
1490 1930 1547 2017 (ΙΙ,

405 2036 472 2101 220
494 2058 571 2124 sqq,
602 2036 668 2117 1113
693 2036 736 2118 V3
768 2036 865 2119 x1v3
896 2036 1028 2119 xL1113
1059 2035 1186 2118 xLV13
1215 2035 1387 2117 XLVIII).
1424 2036 1547 2105 Omnes

403 2142 492 2207 enim
517 2152 585 2207 tum
603 2140 712 2207 latinis
729 2143 830 2207 musis
845 2140 1045 2229 gaudebant:
1069 2144 1216 2209 carmina
1230 2142 1264 2207 in
1280 2141 1437 2210 honorem
1452 2165 1547 2207 suum

406 2249 573 2337 componi,
600 2270 652 2315 res
675 2270 695 2313 a
718 2270 753 2314 ae
775 2258 884 2336 gestas
907 2248 1049 2335 antiquis
1063 2248 1214 2315 versibus
1237 2248 1404 2335 celebrari,
1418 2272 1549 2316 memo-

407 2354 489 2419 riam
513 2375 605 2419 suam
630 2354 803 2444 epitaphiis
826 2356 952 2441 ornari,
982 2354 1122 2442 denique
1152 2354 1298 2421 dedicari
1322 2354 1383 2421 sibi
1400 2366 1548 2443 poemata

406 2458 600 2546 cupiebant,
623 2469 854 2548 poetarumque
877 2460 985 2525 studia
1008 2458 1172 2525 interdum
1194 2458 1373 2547 splendidis
1397 2462 1550 2548 praemiis

406 2562 620 2630 donabantur.
647 2564 771 2652 Roynio
795 2585 872 2651 prae
895 2566 1010 2631 ceteris
1034 2574 1105 2630 erat
1127 2565 1349 2649 annitendum,
1371 2575 1409 2629 ut
1433 2566 1553 2631 carmi·

399 2668 504 2761 ,nibus
527 2690 582 2733 eos
605 2667 794 2753 celebraret,
816 2669 873 2754 qui
895 2678 928 2733 et
950 2669 1012 2756 ipsi
1028 2669 1150 2733 iustum
1166 2670 1306 2756 pretinm
1323 2690 1382 2756 pro
1398 2667 1552 2735 laudibus
1639 2717 1641 2722 -

406 2771 601 2861 persolvere,
624 2784 665 2858 et,
688 2774 715 2838 si
732 2772 924 2862 probassent
939 2772 981 2839 de
996 2796 1031 2839 se
1046 2775 1176 2861 scripta,
1200 2783 1312 2861 poetae
1327 2796 1443 2839 nomen
1460 2773 1552 2861 inge-

406 2880 561 2967 niumque
584 2878 747 2968 plerisque
769 2888 901 2967 possent
923 2878 1161 2945 commendare.
1183 2878 1334 2947 Gamrsti
1350 2880 1552 2969 praepotenti

403 2986 514 3075 gratio
537 2986 583 3053 uti
608 3010 672 3052 urm
697 2987 807 3074 potuit,
831 2986 969 3055 sortasse
983 2986 1081 3054 ctiam
1097 2985 1209 3073 noluit,
1232 2986 1370 3053 factiosa
1385 2986 1456 3053 eius
1471 3009 1550 3054 con·

405 3094 480 3163 silia
502 3096 537 3162 in
562 3095 768 3185 capessendis
792 3094 888 3163 rebus
911 3094 1052 3184 publicis
1074 3094 1271 3185 improbans,
1294 3093 1432 3185 ideoque
1446 3096 1548 3185 ipsius

406 3204 517 3270 Bonae
540 3194 680 3293 reginae,
703 3203 852 3272 Gamrati
876 3203 1024 3271 Iautricis
1047 3212 1230 3293 perpetuae,
1253 3204 1359 3271 caruit
1382 3204 1503 3271 favore.

513 3310 579 3380 Sed
608 3335 672 3399 quo
702 3313 826 3377 maiora
855 3321 949 3378 eraut
979 3310 1060 3378 haec
1090 3310 1253 3397 subsidia,
1283 3312 1401 3399 quibus
1426 3312 1549 3399 ingenii

401 3416 504 3506 culpa
527 3418 647 3485 fatisvc
670 3418 790 3505 iniquis
814 3417 987 3485 destitutus
1010 3429 1076 3504 eet,
1106 3440 1144 3484 eo
1174 3418 1318 3485 firmiora
1349 3419 1550 3507 certioraque

400 3525 614 3613 contigerunt
643 3525 673 3591 ei
704 3525 798 3592 brevi
834 3535 905 3613 post
935 3525 1113 3591 adventum
1148 3525 1182 3589 in
1213 3525 1358 3592 amicitia
1389 3524 1550 3593 Samuelis

404 3632 583 3717 Maceovii,
622 3641 691 3697 tum
721 3632 863 3720 episcopi
895 3631 1057 3721 plocensis
1090 3642 1124 3698 et
1153 3632 1245 3719 regni
1277 3630 1550 3699 vicecancellarii.

406 3739 489 3805 Erat
510 3739 595 3805 euim
620 3738 808 3805 blaceovius
831 3738 1013 3826 virbonus,
1037 3738 1083 3804 rei
1099 3736 1250 3825 publicae
1265 3760 1389 3825 amans,
1412 3738 1550 3807 traditae

408 3844 484 3911 fidei
501 3868 672 3933 rerumque
687 3844 875 3912 divinarum
891 3844 1006 3931 cultor,
1028 3845 1208 3911 litterarum
1225 3844 1402 3931 studiosus,
1425 3844 1550 3913 alienus

409 3975 429 4018 a
452 3950 546 4017 malis
568 3951 694 4018 artibus
718 3950 930 4039 fallaciisque.
967 3951 1002 4017 Is
1025 3951 1141 4041 Roynii
1164 3952 1334 4037 ingenium
1364 3951 1551 4038 candidum,

408 4079 485 4123 acre
506 4058 721 4145 ingenuisque
743 4056 868 4123 artibus
884 4056 1040 4141 deditum,
1064 4056 1162 4122 facile
1176 4055 1302 4142 dilexit,
1324 4078 1429 4144 neque
1445 4056 1550 4122 solum

407 4164 514 4251 gratia
547 4162 604 4229 sed
635 4164 731 4231 ctiam
762 4164 901 4252 pecunia
934 4162 977 4229 ad
1013 4164 1136 4229 maiora
1170 4162 1328 4229 nitentem
1362 4162 1551 4230 adiuvabat

405 4270 555 4337 Dubium
579 4271 648 4337 iere
669 4292 734 4337 non
758 4280 824 4356 est,
853 4270 931 4359 quin
955 4270 1140 4358 principum
1163 4270 1258 4336 inre
1280 4268 1413 4357 publica
1434 4269 1553 4359 polona

408 4376 667 4444 administranda
689 4378 851 4462 virorum,
882 4388 919 4443 ut
940 4376 1074 4444 loannis
1096 4376 1270 4462 Tamovii,
1300 4378 1387 4443 Petri
1416 4376 1551 4463 (imitas,

407 4482 559 4551 Andreae
590 4482 632 4549 do
657 4484 783 4570 Gorca,
814 4483 1014 4571 aliorumque
1044 4480 1196 4569 ingeniis,
1225 4504 1302 4547 mox
1332 4482 1430 4548 etiam
1452 4481 1551 4549 rebus

407 4590 517 4679 gostis,
532 4590 719 4678 insignium,
735 4598 772 4655 ut
786 4589 940 4659 Stanislai
958 4588 1061 4675 llosii,
1076 4587 1251 4675 Augustini
1264 4587 1417 4675 Rotundi,
1431 4588 1550 4677 ipsius·

401 4719 471 4784 qne
491 4698 627 4763 Ioannis
649 4698 756 4784 Laugi
775 4694 893 4783 Silesii,
915 4696 1027 4763 curiae
1042 4696 1226 4761 austriacae
1241 4695 1275 4759 in
1292 4693 1427 4761 Polonia
1442 4693 1551 4783 legati,

404 4801 554 4891 Royaius
577 4802 724 4867 notitiam
747 4802 858 4869 inierit
879 4802 914 4867 in
937 4800 1013 4867 aula
1034 4800 1213 4884 Maceovii,
1244 4799 1300 4866 ubi
1330 4799 1485 4888 quicquid
1516 4800 1554 4865 in

653 4922 655 4928 ’
1402 4925 1446 4975 11·
