4109 5767
589 649 635 716 92
946 635 950 640 ’
1065 667 1142 704 snas
1160 667 1258 710 massa.

1136 1087 1188 1154 aa.

828 1285 888 1354 Ar
909 1285 1166 1358 mcemuu
1196 1285 1499 1374 nnmvrsunt,

880 1432 1046 1485 Olleensium
1064 1441 1092 1485 et
1111 1433 1320 1485 Niesviesierum
1337 1431 1442 1496 ducem,

703 1538 854 1606 palatinum
872 1538 1041 1591 vibentium
1060 1554 1245 1606 summumque
1265 1539 1408 1591 litusnise
1426 1537 1623 1592 marschaicnm

1031 1653 1059 1700 et
1077 1643 1295 1698 cancellariam'.

1138 1822 1187 1890 1)

697 1967 738 2034 In
761 1977 908 2033 vestram
930 1966 1075 2055 Nimiae,
1098 1967 1242 2054 domum,
1265 1968 1334 2034 dux
1357 1967 1479 2054 inclite,
1502 1989 1606 2056 nuper

750 2075 878 2142 saeviit
899 2077 1041 2141 immiti⁴
1065 2099 1153 2141 mors
1178 2075 1363 2141 truculente
1387 2096 1496 2140 manu.

696 2181 845 2247 Abstulit
866 2183 1031 2269 insignem
1054 2182 1151 2248 lectis
1174 2191 1208 2246 et
1231 2182 1362 2246 nomine
1385 2179 1522 2246 fratrem
1532 2183 1553 2266 ⁵,

751 2287 847 2354 Unus
870 2288 1039 2354 sarmatici
1061 2289 1117 2377 qni
1142 2287 1243 2354 decus
1267 2289 1356 2355 orbis
1378 2297 1457 2353 erat

636 2416 665 2463 a.
697 2395 797 2460 Hunc
820 2395 911 2462 caclo
933 2397 1097 2484 aspiciens
1121 2419 1233 2463 casum
1256 2397 1349 2462 Deus
1371 2416 1494 2484 aequus
1517 2393 1559 2461 ab
1581 2390 1656 2479 alto,

750 2501 921 2571 Dilectum
942 2514 1089 2571 vestrum
1113 2505 1250 2592 estetsi,
1273 2502 1435 2591 Radivilc
1458 2525 1570 2592 gcnus,

697 2609 857 2678 Sufficere
879 2632 958 2678 ecce
980 2623 1038 2677 tuo
1061 2623 1205 2678 vestram
1229 2611 1302 2678 vult
1324 2611 1485 2699 sangnine
1507 2619 1651 2698 gentem:

749 2719 815 2784 Pro
839 2718 941 2783 fratre
963 2720 1086 2784 amisso
1108 2717 1177 2784 iilia
1199 2731 1276 2784 nata
1299 2719 1359 2784 tibi
1383 2728 1440 2784 cst

700 3052 864 3130 ''Niceluua
888 3055 1006 3119 leaenis,
1032 3055 1174 3106 castellani
1200 3053 1342 3117 trecensis,
1371 3053 1450 3116 fliius,
1479 3053 1564 3104 irater
1591 3063 1732 3118 germanus

590 3142 709 3206 Ioannis,
727 3143 805 3194 cuius
823 3136 990 3209 epitaphium
1008 3159 1090 3208 supra
1108 3143 1274 3209 preponitur,
1298 3143 1383 3193 irater
1401 3139 1531 3209 patruelis
1550 3136 1654 3191 Nicelai
1674 3135 1732 3188 uun

590 3237 619 3282 et
630 3231 776 3295 Barbarae,
789 3231 953 3299 sigismundi
965 3234 1079 3300 Augusti
1093 3233 1224 3301 coniugis.
1244 3233 1328 3284 lluslt
1340 3232 1368 3283 in
1380 3229 1579 3283 matrimonium
1590 3227 1626 3294 (a
1637 3223 1732 3293 15157)

513 3362 515 3365 -
591 3320 730 3374 Fliaubem
748 3321 957 3390 ilsydleaieciu,
975 3341 1044 3392 qum
1063 3324 1172 3392 nuptias
1191 3323 1307 3391 ltuysim
1325 3322 1444 3376 5555155
1464 3320 1536 3389 typis
1554 3335 1678 3388 expresse
1689 3331 1732 3371 ee·

591 3413 709 3467 lebravit
726 3413 807 3480 (5551.
827 3415 879 3468 vel.
898 3417 967 3484 lpg.
981 3415 1015 3470 72
1029 3417 1104 3484 squ).
1126 3416 1280 3469 Procrearit
1297 3433 1331 3468 ax
1343 3430 1377 3467 es
1388 3429 1486 3467 nerem
1498 3412 1606 3482 liberes,
1623 3423 1733 3479 querum

592 3512 653 3558 ecte
665 3508 862 3572 superfuerunt.
881 3506 1012 3559 AOarclo
1031 3507 1056 3559 V
1075 3525 1098 3559 a.
1120 3506 1189 3561 1517
1208 3507 1324 3559 obtinuit
1344 3506 1452 3558 titulum
1476 3504 1553 3556 ducis
1571 3501 1674 3570 imperii
1692 3515 1732 3552 re·

591 3595 665 3647 mani
683 3596 721 3657 in,
731 3595 822 3662 Olyka
839 3604 867 3648 et
884 3597 1040 3662 Nieiwieie,
1062 3614 1141 3665 quern
1160 3598 1269 3650 titulum
1287 3596 1472 3664 Sigismundus
1490 3597 1627 3661 Augustus
1645 3591 1674 3642 iu
1691 3605 1733 3643 ee·

591 3685 676 3736 mitiis
689 3687 766 3753 regni
785 3701 809 3738 a.
830 3685 900 3740 1519
917 3689 1094 3740 conflauerit.
1114 3687 1297 3740 liarsclialcna
1316 3692 1442 3738 terrester
1461 3685 1549 3736 iactus
1565 3677 1733 3744 55151515,

592 3776 772 3827 macellarius
792 3777 936 3828 lituaniae
945 3792 970 3828 a.
983 3775 1060 3842 1550,
1075 3778 1210 3844 palatinus
1221 3777 1350 3828 viluensis
1363 3791 1387 3827 u.
1399 3773 1466 3829 1551
1478 3771 1627 3842 illenieclsl,
1640 3773 1734 3824 Pecset

593 3863 691 3929 rodes,
710 3882 754 3932 pc.
773 3863 827 3918 275
845 3867 904 3934 up).

701 3951 712 3982 ⁸
731 3956 807 4006 Haec
825 3955 885 4021 ipss
897 3956 1116 4022 praescribuntur
1133 3953 1408 4022 15115515(οοτ5.212
1425 3975 1449 3998 -
1468 3969 1519 4005 ess.
1532 3953 1587 4021 89),
1602 3951 1654 4003 alsi
1666 3947 1734 4018 qued

594 4049 734 4108 praeterea
753 4042 861 4093 additur
880 4044 984 4105 „virum
1001 4044 1150 4094 illustrem'*
1177 4053 1204 4095 et
1228 4045 1256 4094 in
1275 4045 1349 4095 exitu
1375 4051 1533 4109 ,petronam
1551 4055 1629 4092 suasa
1646 4041 1734 4092 eluer-

595 4129 762 4180 5555555555
780 4129 863 4195 (corn.
883 4130 1161 4197 observantissimum,
1186 4138 1216 4183 ut
1239 4141 1266 4182 et
1291 4132 1376 4199 alibi).
1403 4132 1548 4182 Praeterea
1571 4129 1600 4180 ie
1624 4145 1675 4181 ess.
1694 4132 1734 4178 est

597 4217 827 4283 ,liadivilcnem“,
846 4225 877 4269 at
894 4218 1028 4269 interdum
1047 4221 1162 4285 lieysius
1175 4221 1290 4286 scripsit,
1309 4228 1337 4271 et
1352 4220 1556 4284 ,marsalcum“.
1575 4218 1652 4268 Haec
1666 4229 1733 4283 quse

593 4314 741 4372 sequuntur
760 4307 882 4358 carmina
900 4323 933 4358 ex
951 4308 1028 4358 mstis
1047 4310 1143 4375 collegi
1163 4316 1190 4360 et
1208 4310 1242 4360 sd
1261 4310 1387 4375 temperis
1406 4309 1538 4359 rationem
1555 4305 1682 4372 disposui.

702 4391 809 4446 'Germ
829 4395 882 4446 213
901 4418 923 4438 =
943 4413 994 4446 ees.
1014 4394 1049 4448 89
1067 4414 1106 4462 sq.

700 4481 711 4512 ⁴
732 4482 808 4534 Coei.
827 4485 901 4535 inira
918 4500 1027 4535 carmen
1047 4487 1094 4536 111.
1114 4487 1162 4536 iis.
1184 4487 1335 4548 ,immitti“.

702 4569 867 4638 ‘loannem
892 4573 968 4626 euius
987 4576 1153 4641 epitaphium
1173 4593 1253 4643 supra
1272 4575 1436 4642 proponitur,
1461 4573 1531 4626 ande
1555 4573 1606 4626 hoc
1627 4587 1735 4625 carnea

594 4669 643 4711 aut
661 4677 685 4712 a.
706 4660 774 4713 1551
794 4670 842 4713 aut
860 4664 951 4730 paullo
970 4673 1030 4730 pest
1048 4666 1177 4732 scripturn
1196 4681 1254 4716 esse
1274 4671 1393 4731 apparet.
