4109 5767
673 795 721 845 lali
1162 812 1319 847 maram.

673 878 943 900 x...-

670 1003 816 1069 emissas.
839 1005 913 1086 Quo
937 1004 971 1068 iu
995 1025 1131 1069 numero
1153 1014 1231 1067 sunt
1253 1003 1339 1069 duae
1360 1002 1486 1091 elegiae
1507 1001 1692 1070 Ouidianae
1706 1002 1804 1085 (frist.

670 1110 729 1198 lv,
753 1113 787 1197 93
812 1111 852 1197 V,
876 1112 909 1194 8)
940 1124 972 1179 et
1003 1110 1173 1204 Royaiana
1199 1110 1255 1178 illa
1279 1111 1429 1179 invectio
1451 1113 1486 1177 in
1509 1110 1692 1201 praesulem
1713 1132 1805 1199 queu-

669 1220 746 1289 dam
770 1222 812 1309 (Ι,
836 1222 1040 1306 258-262);
1070 1220 1302 1289 ardentissima
1332 1244 1411 1289 vero
1437 1222 1721 1311 copiosissimaque
1741 1222 1805 1286 eius

670 1332 757 1398 modi
783 1332 950 1399 invectiva
972 1344 1021 1398 est
1044 1330 1158 1399 Ouidii
1180 1330 1260 1417 Ibis,
1282 1330 1324 1397 ad
1347 1331 1517 1421 exemplar
1530 1329 1721 1399 callimachi
1735 1352 1806 1397 con-

671 1441 813 1525 cinnata,
836 1464 935 1529 quam
958 1440 1113 1529 Royaiua
1137 1463 1211 1505 eum
1228 1442 1311 1507 bene
1326 1442 1491 1528 cognitam
1512 1441 1670 1505 memoria
1684 1450 1806 1523 teneret,

670 1548 705 1612 in
737 1548 806 1611 suris
837 1548 928 1613 Diris
958 1547 1001 1631 (l,
1032 1570 1086 1634 pg.
1116 1549 1183 1611 263
1209 1552 1290 1635 sqqr)
1321 1547 1433 1634 procul
1465 1546 1566 1612 dubio
1596 1557 1727 1612 secutus
1753 1557 1806 1609 est.

670 1656 875 1741 Argumenta
898 1676 977 1721 vere
999 1652 1156 1741 elegiaca,
1178 1654 1206 1718 ai
1229 1678 1250 1719 a
1266 1653 1469 1739 longioribus
1484 1653 1658 1740 epitaphiis
1672 1652 1807 1736 recedas,

670 1783 744 1827 raro
767 1759 829 1829 hoe
851 1772 954 1827 metro
978 1760 1164 1826 modulatus
1186 1772 1236 1826 est
1259 1760 1413 1851 Ropaius,
1444 1773 1480 1826 ut
1510 1760 1584 1826 illos
1607 1760 1661 1825 aa
1682 1760 1805 1825 'l'omitii

669 1890 783 1934 manes
814 1866 965 1955 planctus
995 1868 1057 1952 (11,
1080 1871 1122 1933 37
1147 1875 1206 1955 sq.)
1237 1867 1291 1933 vcl
1322 1890 1454 1932 carmon
1487 1868 1526 1931 ln
1559 1868 1650 1932 obitu
1680 1866 1806 1951 Georgii

670 1974 762 2039 Bona
785 1974 842 2059 (11,
865 1974 929 2039 331
955 1980 1027 2061 sq.);
1051 1974 1139 2039 idem
1162 1988 1269 2039 mnnea
1287 1997 1365 2038 ursus
1379 1988 1429 2039 est
1443 1996 1482 2038 eo
1496 1972 1667 2059 aliquoties
1682 1983 1809 2037 auctore

669 2078 791 2147 Ouidio
815 2082 847 2145 in
872 2082 1113 2170 propemptieis,
1135 2080 1254 2169 quibus
1276 2082 1425 2146 carmina
1448 2103 1517 2164 strar,
1539 2080 1655 2143 amicis
1672 2080 1809 2165 virisque

668 2185 853 2253 illustribus
875 2188 984 2272 missa,
1007 2187 1265 2253 commendabat
1289 2186 1413 2253 Eodem
1433 2187 1574 2275 denique
1597 2198 1698 2251 ntetm
1718 2208 1810 2251 enar·

669 2293 765 2359 rabat
787 2316 840 2358 res
863 2305 972 2378 gestas
1000 2294 1110 2379 (1‚22
1133 2318 1192 2381 sqq
1223 2296 1372 2381 2‘13sq.3
1403 2295 1466 2359 281
1492 2300 1572 2381 sqq.)
1603 2292 1644 2357 ad
1672 2294 1809 2379 speciem

670 2400 777 2466 ultimi
811 2399 887 2467 libri
926 2404 1129 2489 Propertiani
1164 2402 1218 2467 vol
1252 2400 1408 2466 similium
1444 2402 1479 2465 in
1510 2402 1618 2466 Fastis
1640 2400 1811 2466 Ouidianis

670 2508 825 2575 locorum.

777 2615 881 2682 hlulto
905 2618 1011 2682 rarius
1034 2615 1302 2704 hendecasyllabi
1326 2616 1485 2705 pladaecii
1512 2617 1648 2681 soranum
1671 2614 1813 2705 Royaius

670 2726 704 2791 in
729 2748 823 2791 usum
847 2749 941 2791 sattim
966 2727 1106 2811 vocavit,
1129 2726 1211 2811 idea),
1235 2738 1271 2791 ut
1294 2728 1451 2814 suspicor,
1474 2725 1561 2814 quod
1583 2738 1633 2791 est
1654 2749 1694 2790 ca
1711 2726 1814 2791 lbrrna

669 2834 872 2922 potissimum
897 2834 1012 2923 lyricis
1036 2834 1183 2922 partibus
1207 2834 1392 2919 scurrilium,
1422 2858 1443 2899 a
1472 2836 1593 2923 quihus
1622 2844 1718 2901 extra
1747 2834 1815 2920 epi·

668 2942 861 3027 grammatic
884 2942 1039 3006 terminos
1063 2943 1230 3027 ingenium
1254 2944 1325 3006 cius
1349 2943 1417 3007 iere
1440 2942 1645 3007 abhorrebat.
1671 2941 1814 3005 Metram

668 3046 732 3113 hoe
755 3069 929 3134 usurpasse
954 3048 1059 3112 serttrr
1081 3050 1115 3113 in
1135 3048 1337 3113 carminibus
1352 3051 1422 3113 suis
1436 3052 1543 3136 prima
1557 3048 1689 3136 Sappho
1703 3069 1815 3111 susce-

670 3166 852 3242 peruntque
875 3156 1030 3219 continuo
1053 3154 1108 3219 alii
1133 3170 1334 3243 poemenen
1358 3156 1462 3221 solum
1488 3154 1612 3240 rurolici,
1634 3154 1692 3220 sed
1717 3155 1815 3219 etiam

669 3262 841 3327 dramatici
865 3262 907 3326 :ul
933 3276 1042 3350 partes
1064 3263 1188 3352 lyricas
1202 3264 1417 3329 exornandas.
1441 3264 1533 3328 idom
1551 3266 1583 3327 in
1600 3261 1730 3327 deliciis
1745 3273 1817 3326 enat

670 3370 755 3459 apud
775 3382 885 3457 pactas
901 3370 1141 3455 alexandrinos,
1160 3397 1241 3459 quaes
1259 3374 1292 3437 in
1308 3372 1420 3437 malam
1437 3394 1556 3457 genero
1568 3371 1721 3436 rrernulati
1740 3382 1817 3434 suunt

669 3480 805 3545 lhirnrtni
822 3481 1008 3568 pram-sortitu
1024 3480 1099 3545 indo
1112 3506 1131 3545 ιι
1143 3481 1263 3548 Oratelli
1281 3496 1394 3547 ιιιιιιιιιι.
1420 3482 1515 3545 llmlo
1532 3481 1629 3545 hecilo
1644 3481 1764 3545 (evortit
1782 3490 1818 3541 ut

669 3589 766 3653 etiam
777 3600 849 3675 post
858 3602 971 3654 renata
979 3591 1182 3676 anitiquitatis
1194 3591 1304 3655 sttrdia
1316 3590 1398 3657 levis
1410 3590 1467 3655 illa
1478 3592 1585 3655 forrum
1596 3589 1735 3655 metrica
1746 3610 1818 3655 cre-

668 3695 745 3760 bros
768 3694 902 3760 haberet
925 3710 1096 3761 amatores,
1120 3698 1218 3785 Apud
1241 3699 1381 3763 Polonos
1401 3700 1466 3763 iarn
1484 3696 1605 3762 Paulus
1620 3697 1818 3763 Crosnensis

667 3804 701 3866 in
725 3802 787 3870 hoe
809 3813 912 3867 metro
936 3804 1023 3868 vires
1047 3826 1124 3868 suas
1147 3818 1302 3891 expertus
1324 3818 1382 3889 est,
1405 3828 1467 3870 nec
1490 3815 1563 3891 post
1577 3826 1651 3869 eam
1669 3801 1820 3886 defuere,

667 3909 721 3995 qui
749 3910 904 3975 lbverent.
943 3910 1061 3976 Noster
1085 3909 1395 4000 hendecasyllnlnmi
1421 3910 1623 3999 plurlacoiunr
1652 3910 1821 3973 continuit

668 4018 755 4082 intra
778 4018 906 4083 eosdem
933 4018 1000 4083 sere
1024 4019 1115 4105 lines?
1138 4020 1257 4106 quibus
1280 4020 1367 4107 apud
1383 4019 1547 4087 Outurllum
1565 4016 1821 4104 hlartialemqne

668 4138 717 4189 est
740 4126 1021 4213 circumscriptus,
1053 4129 1277 4213 expressitque
1301 4128 1488 4192 luministro
1519 4129 1604 4192 iutra
1633 4148 1820 4212 paucarum

668 4231 872 4317 stropharum
897 4233 1002 4319 spatia
1026 4233 1173 4315 singulos
1196 4236 1297 4297 animi
1314 4236 1364 4297 sui
1380 4236 1526 4317 allectus,
1550 4245 1645 4319 prom
1661 4255 1716 4296 res
1732 4232 1821 4295 tule-

668 4349 757 4421 rant,
789 4337 865 4401 laeti
890 4338 1055 4420 inaestivc,
1086 4337 1326 4423 imlignuhundi
1351 4338 1401 4403 sal
1427 4340 1589 4404 desiderio
1612 4352 1669 4402 arnt
1694 4340 1821 4424 pietate

666 4444 817 4529 gratiane
840 4446 1000 4508 commoti.
1040 4448 1090 4510 Ac
1114 4447 1303 4533 saepissime
1333 4446 1464 4533 quidem
1490 4447 1592 4510 utitur
1621 4446 1684 4509 hac
1710 4444 1820 4508 scuram

666 4550 707 4615 ad
732 4550 832 4615 libros
857 4575 932 4616 suos
956 4553 1232 4617 commendandos
1255 4554 1312 4637 (ll,
1335 4557 1401 4618 315
1422 4577 1481 4641 sq.;
1505 4556 1571 4618 292
1587 4576 1647 4641 sq.;
1670 4554 1740 4618 298
1760 4575 1820 4638 sq.:

666 4658 905 4743 326-329;1‚
932 4660 1020 4741 196);
1053 4672 1196 4724 ceterum
1230 4659 1342 4724 eudem
1375 4662 1529 4747 exprimit
1560 4682 1745 4725 maerorem
1778 4683 1820 4723 cx

666 4766 840 4832 Oarncovii
866 4766 1054 4831 valetudine
1078 4766 1162 4831 male
1185 4771 1300 4832 nll'oota
1325 4769 1382 4851 (ΙΙ,
1408 4770 1471 4833 170
1495 4775 1561 4854 sqj).
1588 4767 1752 4852 garidium
1779 4790 1819 4830 cx

667 4873 815 4937 restituta
839 4872 899 4956 (ll,
926 4876 989 4938 172
1013 4878 1080 4961 sq.).
1112 4874 1259 4939 hortatur
1290 4875 1430 4939 eundem
1462 4876 1504 4938 nd
1536 4898 1638 4941 novos
1670 4896 1819 4939 canoniea
