4109 5767
607 783 644 820 se
661 783 841 821 sunusummms
860 783 1003 822 suenum
1021 783 1128 820 esum
1146 783 1369 822 eessoutsemms.
1492 767 1562 833 223

532 981 596 1046 Fue
619 978 738 1068 populo
761 977 911 1066 plebique
933 978 1026 1066 ignee
1049 978 1223 1045 immittere
1246 987 1381 1064 vestros,

527 1086 725 1175 Spieuleque
747 1085 906 1152 exhauste
928 1085 1065 1152 iaculari
1088 1109 1188 1152 saeve
1205 1084 1370 1174 ¹pharetra,
1457 1114 1460 1117 ·

528 1194 569 1258 In
592 1193 685 1281 vulgi
708 1193 897 1282 deprompta
920 1215 1046 1276 neeem3
1069 1194 1120 1258 fes
1143 1193 1242 1282 figere
1265 1193 1365 1260 eorde

426 1321 497 1366 1⁸⁶.
532 1300 640 1388 Atque
661 1298 801 1367 humiles
824 1310 993 1388 penetrare
1015 1321 1110 1366 enses
1132 1309 1164 1365 et
1187 1301 1321 1386 iungere
1343 1297 1449 1365 taeda.

530 1406 658 1492 Regum
681 1427 775 1472 saera
798 1408 882 1493 regit
904 1407 1010 1471 muius
1033 1404 1174 1472 eeuubis
1196 1427 1330 1471 numen:

530 1513 604 1578 Non
629 1513 706 1578 veni
729 1512 882 1600 levesque
904 1513 957 1579 dei
981 1513 1185 1600 eonfietnque
1206 1512 1301 1578 terris

530 1619 687 1686 Numina:
711 1620 828 1687 siderei
852 1643 990 1708 magnus
1014 1631 1167 1709 regnator
1189 1618 1333 1710 olympi,

530 1726 590 1794 Ille
614 1737 701 1794 sutor
723 1751 840 1795 rerum.
864 1728 978 1794 divum
1002 1729 1100 1796 Pater
1123 1739 1220 1816 atque
1241 1727 1410 1794 hominum
1433 1725 1506 1792 Rex

427 1855 496 1900 uno.
531 1835 701 1902 Aeeendat
723 1837 807 1902 iusto
831 1859 925 1903 saera
947 1847 1078 1924 pectora
1100 1836 1213 1903 dexter
1236 1856 1344 1901 amore

531 1941 736 2029 Augustique
759 1943 859 2028 sinus,
881 1952 914 2008 et
936 1953 1040 2010 teetos
1062 1942 1201 2007 molliter
1225 1950 1307 2026 uret,

530 2046 734 2134 Inelinstque
756 2049 901 2112 animum
926 2069 1103 2134 sensusque
1126 2047 1269 2113 inflectet
1291 2045 1431 2110 umentis

532 2151 570 2216 Iu
595 2151 728 2218 meliore
751 2153 852 2219 Deus.
882 2153 1064 2220 Oernmnus
1086 2152 1166 2218 teliu
1188 2152 1265 2217 lueti

531 2259 701 2348 Coniugia,
723 2271 754 2327 et
777 2260 858 2328 utus
881 2259 1081 2328 eelubuumus
1105 2284 1181 2327 mex
1199 2258 1406 2350 hymenaeos,

428 2384 496 2430 uus.
533 2365 630 2433 Unde
653 2366 741 2432 selus
764 2389 873 2454 regno,
896 2365 1023 2454 populis
1047 2388 1121 2454 pax,
1143 2376 1293 2452 eerteque
1316 2362 1422 2451 proles

532 2469 690 2558 Auguste,
713 2473 818 2538 iustus
842 2473 961 2560 sceptri
984 2493 1153 2538 sueeessor
1174 2480 1206 2536 et
1227 2469 1330 2536 heres.

622 2576 682 2644 Ille
705 2578 775 2645 dies
797 2579 918 2664 redeat,
942 2579 969 2644 si
993 2600 1057 2666 quo
1081 2577 1206 2644 felieior
1228 2599 1373 2664 unquam

531 2682 734 2750 Leehiedum
756 2709 837 2774 gens
859 2686 968 2774 prisea
992 2685 1066 2751 suit:
1090 2707 1134 2771 se,
1157 2685 1314 2773 Auguste
1337 2682 1456 2768 beatos,

532 2791 574 2857 Se
597 2791 778 2859 fortunatos
800 2792 913 2860 dieunt
935 2803 967 2860 te
990 2816 1066 2881 rege
1088 2791 1210 2859 Poleni.

427 2919 497 2966 seo.
535 2897 709 2966 Exsultent
731 2909 763 2968 te
784 2924 862 2990 rege
885 2901 958 2988 viri,
980 2899 1199 2991 puleherrimu
1222 2899 1313 2969 eordi

474 3055 475 3060 η
531 3007 602 3074 Pax
625 3008 745 3096 quibus
768 3021 825 3098 est,
849 3011 1003 3100 pacisque
1027 3020 1112 3077 artes
1135 3009 1344 3098 studiumque
1366 3008 1494 3098 quietis.

532 3116 695 3205 Linquere
718 3120 836 3208 euique
859 3143 963 3206 suum,
986 3144 1051 3186 nen
1074 3118 1239 3208 quondum
1262 3119 1375 3186 vivere
1396 3126 1490 3206 rupto

534 3224 637 3312 Inque
660 3225 767 3293 alienu
790 3251 906 3294 manus
929 3238 961 3294 et
984 3250 1119 3294 avarum
1142 3226 1310 3294 intendere
1332 3233 1482 3292 mentem.

622 3331 672 3398 Tu
697 3356 775 3400 vero
799 3332 878 3401 felix
901 3334 1100 3422 longumque
1123 3343 1285 3422 superstes
1308 3334 1344 3398 in
1367 3355 1486 3400 aevum

426 3455 498 3502 uos.
533 3437 629 3524 Vive,
651 3440 810 3526 Auguste,
833 3441 900 3526 diu,
923 3451 1019 3528 utque
1043 3440 1121 3506 olim
1142 3449 1215 3527 pete
1238 3439 1346 3506 sideru
1368 3443 1472 3524 sere¹,

534 3542 605 3606 lem
629 3545 744 3630 senior,
768 3544 870 3610 multa
893 3545 1027 3633 populos
1051 3546 1085 3610 in
1108 3567 1189 3632 pnee
1211 3545 1397 3632 relinquens
1406 3546 1429 3609 ⁸.

433 3693 570 3702 --..

537 3773 544 3803 ¹
564 3774 666 3824 Lucan.
685 3773 779 3824 Pham.
800 3789 824 3823 v.
843 3771 887 3826 46.

534 3857 545 3889 ¹
564 3862 623 3913 Hoe
641 3861 699 3913 loeo
718 3867 866 3927 sequuntur
884 3861 912 3912 in
932 3861 1047 3912 editione
1061 3867 1188 3926 quattuor
1203 3860 1400 3928 epigrammate
1414 3861 1454 3911 De
1468 3857 1571 3926 triplici

425 3948 483 4000 vit·
501 3948 613 4013 caelibe,
638 3948 774 4015 coniugali
792 3954 820 3999 et
838 3947 993 4013 fornicarie,
1018 3947 1117 4013 quibus
1142 3947 1295 4013 subscripta
1318 3953 1381 3999 sunt
1408 3949 1443 4000 sd
1467 3948 1572 4001 eeleem

425 4036 488 4088 libri
507 4036 582 4089 haee:
602 4037 721 4088 tinent
740 4052 830 4088 mense
850 4036 954 4088 martio.
