<?xml version="1.0" encoding="UTF-8"?>
<!DOCTYPE html PUBLIC "-//W3C//DTD XHTML 1.0 Transitional//EN"
    "http://www.w3.org/TR/xhtml1/DTD/xhtml1-transitional.dtd">
<html xmlns="http://www.w3.org/1999/xhtml" xml:lang="en" lang="en">
 <head>
  <title>
</title>
<meta http-equiv="Content-Type" content="text/html;charset=utf-8" />
  <meta name='ocr-system' content='tesseract 3.04.00' />
  <meta name='ocr-capabilities' content='ocr_page ocr_carea ocr_par ocr_line ocrx_word'/>
</head>
<body>
  <div class='ocr_page' id='page_1' title='image "./petriroyziimaur00morogoog_0013.png"; bbox 0 0 4109 5767; ppageno 0'>
   <div class='ocr_carea' id='block_1_1' title="bbox 418 669 1570 4800">
    <p class='ocr_par' dir='ltr' id='par_1_1' title="bbox 418 669 1570 4800">
     <span class='ocr_line' id='line_1_1' title="bbox 1504 669 1569 720; baseline 0 0"><span class='ocrx_word' id='word_1_1' title='bbox 1504 669 1569 720; x_wconf 82' lang='lat' dir='ltr'>xm</span> 
     </span>
     <span class='ocr_line' id='line_1_2' title="bbox 426 875 1570 964; baseline 0 -23"><span class='ocrx_word' id='word_1_2' title='bbox 426 875 528 943; x_wconf 91' lang='lat' dir='ltr'>latum</span> <span class='ocrx_word' id='word_1_3' title='bbox 551 898 767 964; x_wconf 74' lang='lat' dir='ltr'>gnesnensem</span> <span class='ocrx_word' id='word_1_4' title='bbox 790 886 933 964; x_wconf 84' lang='lat' dir='ltr'>gerente,</span> <span class='ocrx_word' id='word_1_5' title='bbox 957 878 989 941; x_wconf 92' lang='lat' dir='ltr'>in</span> <span class='ocrx_word' id='word_1_6' title='bbox 1014 899 1053 942; x_wconf 88' lang='lat' dir='ltr'>ea</span> <span class='ocrx_word' id='word_1_7' title='bbox 1077 876 1158 942; x_wconf 87' lang='lat' dir='ltr'>urbe</span> <span class='ocrx_word' id='word_1_8' title='bbox 1180 875 1356 942; x_wconf 86' lang='lat' dir='ltr'>habitabat</span> <span class='ocrx_word' id='word_1_9' title='bbox 1384 875 1570 964; x_wconf 89' lang='lat' dir='ltr'>Imperabat</span> 
     </span>
     <span class='ocr_line' id='line_1_3' title="bbox 425 981 1569 1072; baseline 0 -23"><span class='ocrx_word' id='word_1_10' title='bbox 425 983 487 1051; x_wconf 89' lang='lat' dir='ltr'>boc</span> <span class='ocrx_word' id='word_1_11' title='bbox 509 994 653 1072; x_wconf 87' lang='lat' dir='ltr'>ternpore</span> <span class='ocrx_word' id='word_1_12' title='bbox 675 981 807 1049; x_wconf 88' lang='lat' dir='ltr'>Polonis</span> <span class='ocrx_word' id='word_1_13' title='bbox 830 1006 871 1049; x_wconf 82' lang='lat' dir='ltr'>ex</span> <span class='ocrx_word' id='word_1_14' title='bbox 895 982 994 1071; x_wconf 78' lang='lat' dir='ltr'><strong>stirpe</strong></span> <span class='ocrx_word' id='word_1_15' title='bbox 1017 982 1195 1071; x_wconf 88' lang='lat' dir='ltr'>lagellonis</span> <span class='ocrx_word' id='word_1_16' title='bbox 1214 981 1487 1070; x_wconf 83' lang='lat' dir='ltr'>Sigismuudusl,</span> <span class='ocrx_word' id='word_1_17' title='bbox 1510 1005 1569 1049; x_wconf 85' lang='lat' dir='ltr'>rex</span> 
     </span>
     <span class='ocr_line' id='line_1_4' title="bbox 425 1089 1568 1181; baseline -0.002 -24"><span class='ocrx_word' id='word_1_18' title='bbox 425 1092 554 1181; x_wconf 86' lang='lat' dir='ltr'>sapiens</span> <span class='ocrx_word' id='word_1_19' title='bbox 578 1101 610 1157; x_wconf 93' lang='lat' dir='ltr'>et</span> <span class='ocrx_word' id='word_1_20' title='bbox 634 1091 738 1178; x_wconf 91' lang='lat' dir='ltr'>mitis,</span> <span class='ocrx_word' id='word_1_21' title='bbox 768 1091 830 1157; x_wconf 89' lang='lat' dir='ltr'>nisi</span> <span class='ocrx_word' id='word_1_22' title='bbox 862 1090 949 1178; x_wconf 86' lang='lat' dir='ltr'>quod</span> <span class='ocrx_word' id='word_1_23' title='bbox 979 1101 1048 1157; x_wconf 88' lang='lat' dir='ltr'>tum</span> <span class='ocrx_word' id='word_1_24' title='bbox 1080 1091 1145 1156; x_wconf 91' lang='lat' dir='ltr'>iam</span> <span class='ocrx_word' id='word_1_25' title='bbox 1169 1090 1259 1157; x_wconf 89' lang='lat' dir='ltr'>senio</span> <span class='ocrx_word' id='word_1_26' title='bbox 1282 1090 1451 1158; x_wconf 82' lang='lat' dir='ltr'>corrfectus</span> <span class='ocrx_word' id='word_1_27' title='bbox 1474 1089 1568 1155; x_wconf 84' lang='lat' dir='ltr'>uxori</span> 
     </span>
     <span class='ocr_line' id='line_1_5' title="bbox 421 1195 1570 1283; baseline 0.001 -19"><span class='ocrx_word' id='word_1_28' title='bbox 421 1222 504 1265; x_wconf 91' lang='lat' dir='ltr'>suae</span> <span class='ocrx_word' id='word_1_29' title='bbox 528 1198 644 1283; x_wconf 88' lang='lat' dir='ltr'>Bonae,</span> <span class='ocrx_word' id='word_1_30' title='bbox 669 1196 746 1263; x_wconf 90' lang='lat' dir='ltr'>itala</span> <span class='ocrx_word' id='word_1_31' title='bbox 768 1198 956 1267; x_wconf 84' lang='lat' dir='ltr'>Sioraarum</span> <span class='ocrx_word' id='word_1_32' title='bbox 980 1208 1077 1283; x_wconf 87' lang='lat' dir='ltr'>gente</span> <span class='ocrx_word' id='word_1_33' title='bbox 1100 1210 1199 1283; x_wconf 89' lang='lat' dir='ltr'>ortae,</span> <span class='ocrx_word' id='word_1_34' title='bbox 1223 1208 1337 1265; x_wconf 87' lang='lat' dir='ltr'>contra</span> <span class='ocrx_word' id='word_1_35' title='bbox 1359 1195 1497 1263; x_wconf 88' lang='lat' dir='ltr'>salutem</span> <span class='ocrx_word' id='word_1_36' title='bbox 1521 1197 1570 1265; x_wconf 90' lang='lat' dir='ltr'>rei</span> 
     </span>
     <span class='ocr_line' id='line_1_6' title="bbox 424 1304 1569 1393; baseline -0.001 -22"><span class='ocrx_word' id='word_1_37' title='bbox 424 1304 577 1393; x_wconf 88' lang='lat' dir='ltr'>publicae</span> <span class='ocrx_word' id='word_1_38' title='bbox 600 1306 696 1370; x_wconf 92' lang='lat' dir='ltr'>nimis</span> <span class='ocrx_word' id='word_1_39' title='bbox 719 1304 920 1392; x_wconf 78' lang='lat' dir='ltr'>indulgebat.</span> <span class='ocrx_word' id='word_1_40' title='bbox 959 1306 1067 1371; x_wconf 91' lang='lat' dir='ltr'>Huius</span> <span class='ocrx_word' id='word_1_41' title='bbox 1089 1304 1220 1391; x_wconf 88' lang='lat' dir='ltr'>quidem</span> <span class='ocrx_word' id='word_1_42' title='bbox 1244 1305 1377 1389; x_wconf 83' lang='lat' dir='ltr'>reginae</span> <span class='ocrx_word' id='word_1_43' title='bbox 1403 1305 1510 1391; x_wconf 89' lang='lat' dir='ltr'>gratia</span> <span class='ocrx_word' id='word_1_44' title='bbox 1536 1313 1569 1371; x_wconf 90' lang='lat' dir='ltr'>et</span> 
     </span>
     <span class='ocr_line' id='line_1_7' title="bbox 424 1410 1569 1501; baseline -0.001 -24"><span class='ocrx_word' id='word_1_45' title='bbox 424 1413 494 1501; x_wconf 91' lang='lat' dir='ltr'>ipse</span> <span class='ocrx_word' id='word_1_46' title='bbox 525 1413 641 1478; x_wconf 86' lang='lat' dir='ltr'>Petrus</span> <span class='ocrx_word' id='word_1_47' title='bbox 671 1410 866 1497; x_wconf 81' lang='lat' dir='ltr'>Gamratus,</span> <span class='ocrx_word' id='word_1_48' title='bbox 900 1410 1089 1477; x_wconf 79' lang='lat' dir='ltr'>luxuriosae</span> <span class='ocrx_word' id='word_1_49' title='bbox 1120 1410 1208 1477; x_wconf 85' lang='lat' dir='ltr'>vitae</span> <span class='ocrx_word' id='word_1_50' title='bbox 1238 1410 1376 1475; x_wconf 84' lang='lat' dir='ltr'>infamia</span> <span class='ocrx_word' id='word_1_51' title='bbox 1405 1412 1495 1478; x_wconf 87' lang='lat' dir='ltr'>victa</span> <span class='ocrx_word' id='word_1_52' title='bbox 1526 1410 1569 1476; x_wconf 86' lang='lat' dir='ltr'>ad</span> 
     </span>
     <span class='ocr_line' id='line_1_8' title="bbox 424 1515 1567 1606; baseline 0 -23"><span class='ocrx_word' id='word_1_53' title='bbox 424 1540 554 1583; x_wconf 86' lang='lat' dir='ltr'>summa</span> <span class='ocrx_word' id='word_1_54' title='bbox 576 1528 752 1606; x_wconf 90' lang='lat' dir='ltr'>provectus</span> <span class='ocrx_word' id='word_1_55' title='bbox 775 1518 969 1584; x_wconf 87' lang='lat' dir='ltr'>auctoritate</span> <span class='ocrx_word' id='word_1_56' title='bbox 992 1515 1141 1605; x_wconf 87' lang='lat' dir='ltr'>pollebat,</span> <span class='ocrx_word' id='word_1_57' title='bbox 1164 1526 1197 1582; x_wconf 94' lang='lat' dir='ltr'>et</span> <span class='ocrx_word' id='word_1_58' title='bbox 1215 1517 1333 1582; x_wconf 90' lang='lat' dir='ltr'>summi</span> <span class='ocrx_word' id='word_1_59' title='bbox 1350 1516 1487 1583; x_wconf 90' lang='lat' dir='ltr'>honores</span> <span class='ocrx_word' id='word_1_60' title='bbox 1503 1539 1567 1583; x_wconf 94' lang='lat' dir='ltr'>non</span> 
     </span>
     <span class='ocr_line' id='line_1_9' title="bbox 424 1621 1570 1713; baseline 0 -24"><span class='ocrx_word' id='word_1_61' title='bbox 424 1625 646 1712; x_wconf 87' lang='lat' dir='ltr'>promeritis,</span> <span class='ocrx_word' id='word_1_62' title='bbox 677 1623 734 1691; x_wconf 90' lang='lat' dir='ltr'>sod</span> <span class='ocrx_word' id='word_1_63' title='bbox 766 1646 824 1713; x_wconf 91' lang='lat' dir='ltr'>per</span> <span class='ocrx_word' id='word_1_64' title='bbox 847 1622 1067 1690; x_wconf 84' lang='lat' dir='ltr'>clandestinas</span> <span class='ocrx_word' id='word_1_65' title='bbox 1096 1622 1270 1690; x_wconf 86' lang='lat' dir='ltr'>mulierum</span> <span class='ocrx_word' id='word_1_66' title='bbox 1294 1621 1570 1711; x_wconf 85' lang='lat' dir='ltr'>iaruiliariumque</span> 
     </span>
     <span class='ocr_line' id='line_1_10' title="bbox 424 1728 1568 1819; baseline -0.001 -23"><span class='ocrx_word' id='word_1_67' title='bbox 424 1742 527 1817; x_wconf 85' lang='lat' dir='ltr'>artas,</span> <span class='ocrx_word' id='word_1_68' title='bbox 565 1753 623 1819; x_wconf 87' lang='lat' dir='ltr'>per</span> <span class='ocrx_word' id='word_1_69' title='bbox 657 1730 813 1797; x_wconf 87' lang='lat' dir='ltr'>ambitum</span> <span class='ocrx_word' id='word_1_70' title='bbox 850 1729 1118 1817; x_wconf 77' lang='lat' dir='ltr'>largitionumque</span> <span class='ocrx_word' id='word_1_71' title='bbox 1152 1728 1441 1797; x_wconf 82' lang='lat' dir='ltr'>distribuebantur.</span> <span class='ocrx_word' id='word_1_72' title='bbox 1479 1730 1568 1813; x_wconf 77' lang='lat' dir='ltr'>Quin</span> 
     </span>
     <span class='ocr_line' id='line_1_11' title="bbox 423 1835 1569 1926; baseline -0.003 -21"><span class='ocrx_word' id='word_1_73' title='bbox 423 1838 522 1905; x_wconf 76' lang='lat' dir='ltr'>etism</span> <span class='ocrx_word' id='word_1_74' title='bbox 545 1838 663 1903; x_wconf 90' lang='lat' dir='ltr'>summi</span> <span class='ocrx_word' id='word_1_75' title='bbox 687 1838 721 1902; x_wconf 92' lang='lat' dir='ltr'>in</span> <span class='ocrx_word' id='word_1_76' title='bbox 745 1859 780 1904; x_wconf 89' lang='lat' dir='ltr'>re</span> <span class='ocrx_word' id='word_1_77' title='bbox 803 1835 936 1926; x_wconf 89' lang='lat' dir='ltr'>publica</span> <span class='ocrx_word' id='word_1_78' title='bbox 959 1836 1039 1922; x_wconf 86' lang='lat' dir='ltr'>viri,</span> <span class='ocrx_word' id='word_1_79' title='bbox 1063 1838 1201 1903; x_wconf 91' lang='lat' dir='ltr'>loannes</span> <span class='ocrx_word' id='word_1_80' title='bbox 1224 1836 1427 1921; x_wconf 82' lang='lat' dir='ltr'>Tarnovius,</span> <span class='ocrx_word' id='word_1_81' title='bbox 1454 1858 1569 1925; x_wconf 89' lang='lat' dir='ltr'>supre-</span> 
     </span>
     <span class='ocr_line' id='line_1_12' title="bbox 423 1940 1568 2030; baseline 0.002 -23"><span class='ocrx_word' id='word_1_82' title='bbox 423 1966 496 2008; x_wconf 88' lang='lat' dir='ltr'>mus</span> <span class='ocrx_word' id='word_1_83' title='bbox 511 1944 715 2009; x_wconf 84' lang='lat' dir='ltr'>exercituum</span> <span class='ocrx_word' id='word_1_84' title='bbox 739 1944 831 2030; x_wconf 90' lang='lat' dir='ltr'>regni</span> <span class='ocrx_word' id='word_1_85' title='bbox 854 1942 923 2007; x_wconf 90' lang='lat' dir='ltr'>dux</span> <span class='ocrx_word' id='word_1_86' title='bbox 947 1942 1098 2029; x_wconf 86' lang='lat' dir='ltr'>idemque</span> <span class='ocrx_word' id='word_1_87' title='bbox 1121 1940 1319 2009; x_wconf 83' lang='lat' dir='ltr'>castellanus</span> <span class='ocrx_word' id='word_1_88' title='bbox 1339 1943 1568 2019; x_wconf 72' lang='lat' dir='ltr'>cracoviensis,</span> 
     </span>
     <span class='ocr_line' id='line_1_13' title="bbox 423 2046 1569 2131; baseline -0.002 -20"><span class='ocrx_word' id='word_1_89' title='bbox 423 2056 457 2111; x_wconf 86' lang='lat' dir='ltr'>et</span> <span class='ocrx_word' id='word_1_90' title='bbox 479 2048 595 2111; x_wconf 86' lang='lat' dir='ltr'>Petrus</span> <span class='ocrx_word' id='word_1_91' title='bbox 617 2047 742 2127; x_wconf 74' lang='lat' dir='ltr'>Oasitai,</span> <span class='ocrx_word' id='word_1_92' title='bbox 765 2046 928 2131; x_wconf 88' lang='lat' dir='ltr'>palatinus</span> <span class='ocrx_word' id='word_1_93' title='bbox 952 2047 1189 2126; x_wconf 77' lang='lat' dir='ltr'>cracoviensis,</span> <span class='ocrx_word' id='word_1_94' title='bbox 1212 2046 1330 2109; x_wconf 84' lang='lat' dir='ltr'>studiis</span> <span class='ocrx_word' id='word_1_95' title='bbox 1354 2047 1485 2125; x_wconf 78' lang='lat' dir='ltr'>reginas</span> <span class='ocrx_word' id='word_1_96' title='bbox 1509 2047 1569 2109; x_wconf 90' lang='lat' dir='ltr'>im·</span> 
     </span>
     <span class='ocr_line' id='line_1_14' title="bbox 425 2145 1570 2239; baseline -0.003 -24"><span class='ocrx_word' id='word_1_97' title='bbox 425 2151 570 2239; x_wconf 88' lang='lat' dir='ltr'>periosae</span> <span class='ocrx_word' id='word_1_98' title='bbox 593 2147 773 2215; x_wconf 90' lang='lat' dir='ltr'>concedere</span> <span class='ocrx_word' id='word_1_99' title='bbox 795 2146 1005 2235; x_wconf 86' lang='lat' dir='ltr'>cogebantur,</span> <span class='ocrx_word' id='word_1_100' title='bbox 1029 2149 1209 2234; x_wconf 75' lang='lat' dir='ltr'>unioneque</span> <span class='ocrx_word' id='word_1_101' title='bbox 1232 2148 1319 2234; x_wconf 89' lang='lat' dir='ltr'>regis</span> <span class='ocrx_word' id='word_1_102' title='bbox 1338 2145 1425 2211; x_wconf 87' lang='lat' dir='ltr'>iilius</span> <span class='ocrx_word' id='word_1_103' title='bbox 1439 2145 1570 2212; x_wconf 89' lang='lat' dir='ltr'>baeres-</span> 
     </span>
     <span class='ocr_line' id='line_1_15' title="bbox 424 2251 1570 2348; baseline -0.004 -26"><span class='ocrx_word' id='word_1_104' title='bbox 424 2279 487 2345; x_wconf 90' lang='lat' dir='ltr'>qne</span> <span class='ocrx_word' id='word_1_105' title='bbox 510 2256 637 2345; x_wconf 90' lang='lat' dir='ltr'>imperii</span> <span class='ocrx_word' id='word_1_106' title='bbox 661 2254 891 2344; x_wconf 87' lang='lat' dir='ltr'>Sigismuudus</span> <span class='ocrx_word' id='word_1_107' title='bbox 916 2255 1095 2343; x_wconf 81' lang='lat' dir='ltr'>Augustus,</span> <span class='ocrx_word' id='word_1_108' title='bbox 1117 2253 1195 2320; x_wconf 91' lang='lat' dir='ltr'>inde</span> <span class='ocrx_word' id='word_1_109' title='bbox 1210 2252 1252 2320; x_wconf 91' lang='lat' dir='ltr'>ab</span> <span class='ocrx_word' id='word_1_110' title='bbox 1267 2277 1296 2320; x_wconf 90' lang='lat' dir='ltr'>a.</span> <span class='ocrx_word' id='word_1_111' title='bbox 1314 2254 1401 2320; x_wconf 73' lang='lat'>1530</span> <span class='ocrx_word' id='word_1_112' title='bbox 1416 2275 1476 2319; x_wconf 86' lang='lat' dir='ltr'>rex</span> <span class='ocrx_word' id='word_1_113' title='bbox 1491 2251 1570 2348; x_wconf 73' lang='lat' dir='ltr'>viro</span> 
     </span>
     <span class='ocr_line' id='line_1_16' title="bbox 425 2359 1569 2455; baseline -0.007 -24"><span class='ocrx_word' id='word_1_114' title='bbox 425 2376 517 2455; x_wconf 89' lang='lat' dir='ltr'>patre</span> <span class='ocrx_word' id='word_1_115' title='bbox 532 2364 735 2450; x_wconf 89' lang='lat' dir='ltr'>constitutus,</span> <span class='ocrx_word' id='word_1_116' title='bbox 758 2361 819 2429; x_wconf 93' lang='lat' dir='ltr'>sub</span> <span class='ocrx_word' id='word_1_117' title='bbox 836 2362 991 2451; x_wconf 79' lang='lat' dir='ltr'>auspiciis</span> <span class='ocrx_word' id='word_1_118' title='bbox 1008 2360 1122 2427; x_wconf 90' lang='lat' dir='ltr'>matris</span> <span class='ocrx_word' id='word_1_119' title='bbox 1136 2360 1294 2428; x_wconf 78' lang='lat' dir='ltr'>educatum</span> <span class='ocrx_word' id='word_1_120' title='bbox 1310 2359 1449 2447; x_wconf 90' lang='lat' dir='ltr'>mollius,</span> <span class='ocrx_word' id='word_1_121' title='bbox 1470 2381 1569 2447; x_wconf 85' lang='lat' dir='ltr'>quam</span> 
     </span>
     <span class='ocr_line' id='line_1_17' title="bbox 425 2468 1570 2566; baseline -0.002 -28"><span class='ocrx_word' id='word_1_122' title='bbox 425 2474 658 2562; x_wconf 89' lang='lat' dir='ltr'>imperaturum</span> <span class='ocrx_word' id='word_1_123' title='bbox 693 2472 792 2537; x_wconf 90' lang='lat' dir='ltr'>tantis</span> <span class='ocrx_word' id='word_1_124' title='bbox 826 2470 924 2539; x_wconf 90' lang='lat' dir='ltr'>rebus</span> <span class='ocrx_word' id='word_1_125' title='bbox 955 2468 1109 2557; x_wconf 82' lang='lat' dir='ltr'>decebat,</span> <span class='ocrx_word' id='word_1_126' title='bbox 1147 2469 1314 2559; x_wconf 90' lang='lat' dir='ltr'>ingenium</span> <span class='ocrx_word' id='word_1_127' title='bbox 1348 2478 1398 2536; x_wconf 89' lang='lat' dir='ltr'>est</span> <span class='ocrx_word' id='word_1_128' title='bbox 1427 2468 1570 2566; x_wconf 87' lang='lat' dir='ltr'>sortitus.</span> 
     </span>
     <span class='ocr_line' id='line_1_18' title="bbox 423 2575 1563 2670; baseline -0.003 -23"><span class='ocrx_word' id='word_1_129' title='bbox 423 2580 588 2670; x_wconf 83' lang='lat' dir='ltr'>Regnum,</span> <span class='ocrx_word' id='word_1_130' title='bbox 603 2580 796 2647; x_wconf 88' lang='lat' dir='ltr'>consociatis</span> <span class='ocrx_word' id='word_1_131' title='bbox 812 2579 873 2647; x_wconf 92' lang='lat' dir='ltr'>sub</span> <span class='ocrx_word' id='word_1_132' title='bbox 889 2601 955 2645; x_wconf 94' lang='lat' dir='ltr'>uno</span> <span class='ocrx_word' id='word_1_133' title='bbox 969 2601 1048 2667; x_wconf 90' lang='lat' dir='ltr'>rege</span> <span class='ocrx_word' id='word_1_134' title='bbox 1062 2578 1221 2664; x_wconf 73' lang='lat' dir='ltr'>bilitonis,</span> <span class='ocrx_word' id='word_1_135' title='bbox 1236 2576 1407 2646; x_wconf 80' lang='lat' dir='ltr'>cruciferis</span> <span class='ocrx_word' id='word_1_136' title='bbox 1423 2575 1563 2645; x_wconf 89' lang='lat' dir='ltr'>devictis</span> 
     </span>
     <span class='ocr_line' id='line_1_19' title="bbox 419 2683 1568 2774; baseline -0.003 -20"><span class='ocrx_word' id='word_1_137' title='bbox 419 2710 600 2773; x_wconf 86' lang='lat' dir='ltr'>eorumque</span> <span class='ocrx_word' id='word_1_138' title='bbox 622 2686 755 2752; x_wconf 89' lang='lat' dir='ltr'>ditionis</span> <span class='ocrx_word' id='word_1_139' title='bbox 778 2696 869 2774; x_wconf 90' lang='lat' dir='ltr'>parte</span> <span class='ocrx_word' id='word_1_140' title='bbox 891 2696 1090 2773; x_wconf 88' lang='lat' dir='ltr'>expugnata,</span> <span class='ocrx_word' id='word_1_141' title='bbox 1113 2683 1238 2772; x_wconf 90' lang='lat' dir='ltr'>reliqua</span> <span class='ocrx_word' id='word_1_142' title='bbox 1256 2684 1400 2762; x_wconf 60' lang='lat' dir='ltr'>,ducatus</span> <span class='ocrx_word' id='word_1_143' title='bbox 1414 2684 1568 2751; x_wconf 86' lang='lat' dir='ltr'>Prusaiae</span> 
     </span>
     <span class='ocr_line' id='line_1_20' title="bbox 424 2789 1568 2881; baseline -0.003 -22"><span class='ocrx_word' id='word_1_144' title='bbox 424 2793 556 2859; x_wconf 90' lang='lat' dir='ltr'>nomine</span> <span class='ocrx_word' id='word_1_145' title='bbox 578 2792 612 2858; x_wconf 91' lang='lat' dir='ltr'>in</span> <span class='ocrx_word' id='word_1_146' title='bbox 636 2790 820 2859; x_wconf 85' lang='lat' dir='ltr'>clientelam</span> <span class='ocrx_word' id='word_1_147' title='bbox 842 2814 947 2881; x_wconf 90' lang='lat' dir='ltr'>nuper</span> <span class='ocrx_word' id='word_1_148' title='bbox 970 2801 1114 2879; x_wconf 88' lang='lat' dir='ltr'>recepta,</span> <span class='ocrx_word' id='word_1_149' title='bbox 1144 2791 1293 2857; x_wconf 87' lang='lat' dir='ltr'>blasovia</span> <span class='ocrx_word' id='word_1_150' title='bbox 1315 2790 1413 2856; x_wconf 90' lang='lat' dir='ltr'>etiam</span> <span class='ocrx_word' id='word_1_151' title='bbox 1435 2789 1470 2854; x_wconf 93' lang='lat' dir='ltr'>in</span> <span class='ocrx_word' id='word_1_152' title='bbox 1493 2812 1568 2878; x_wconf 91' lang='lat' dir='ltr'>pro·</span> 
     </span>
     <span class='ocr_line' id='line_1_21' title="bbox 422 2894 1567 2984; baseline -0.003 -19"><span class='ocrx_word' id='word_1_153' title='bbox 422 2899 568 2965; x_wconf 83' lang='lat' dir='ltr'>vinciam</span> <span class='ocrx_word' id='word_1_154' title='bbox 591 2897 734 2983; x_wconf 84' lang='lat' dir='ltr'>redacta,</span> <span class='ocrx_word' id='word_1_155' title='bbox 756 2907 827 2965; x_wconf 81' lang='lat' dir='ltr'>crat</span> <span class='ocrx_word' id='word_1_156' title='bbox 850 2896 1098 2984; x_wconf 86' lang='lat' dir='ltr'>amplissimum,</span> <span class='ocrx_word' id='word_1_157' title='bbox 1121 2896 1262 2963; x_wconf 86' lang='lat' dir='ltr'>devictis</span> <span class='ocrx_word' id='word_1_158' title='bbox 1285 2918 1364 2962; x_wconf 85' lang='lat' dir='ltr'>vero</span> <span class='ocrx_word' id='word_1_159' title='bbox 1380 2894 1476 2982; x_wconf 91' lang='lat' dir='ltr'>paulo</span> <span class='ocrx_word' id='word_1_160' title='bbox 1490 2905 1567 2962; x_wconf 91' lang='lat' dir='ltr'>ante</span> 
     </span>
     <span class='ocr_line' id='line_1_22' title="bbox 419 3002 1566 3093; baseline -0.002 -21"><span class='ocrx_word' id='word_1_161' title='bbox 419 3006 590 3075; x_wconf 83' lang='lat' dir='ltr'>acerrimis</span> <span class='ocrx_word' id='word_1_162' title='bbox 612 3004 776 3091; x_wconf 88' lang='lat' dir='ltr'>hostibus,</span> <span class='ocrx_word' id='word_1_163' title='bbox 804 3004 946 3073; x_wconf 86' lang='lat' dir='ltr'>Moschis</span> <span class='ocrx_word' id='word_1_164' title='bbox 964 3003 1191 3093; x_wconf 85' lang='lat' dir='ltr'>Valachisque,</span> <span class='ocrx_word' id='word_1_165' title='bbox 1213 3026 1295 3093; x_wconf 89' lang='lat' dir='ltr'>pace</span> <span class='ocrx_word' id='word_1_166' title='bbox 1317 3004 1403 3071; x_wconf 91' lang='lat' dir='ltr'>inter</span> <span class='ocrx_word' id='word_1_167' title='bbox 1425 3002 1566 3070; x_wconf 86' lang='lat' dir='ltr'>iurantia</span> 
     </span>
     <span class='ocr_line' id='line_1_23' title="bbox 421 3108 1566 3200; baseline 0 -24"><span class='ocrx_word' id='word_1_168' title='bbox 421 3112 511 3199; x_wconf 90' lang='lat' dir='ltr'>apud</span> <span class='ocrx_word' id='word_1_169' title='bbox 534 3112 689 3178; x_wconf 85' lang='lat' dir='ltr'>finitimos</span> <span class='ocrx_word' id='word_1_170' title='bbox 713 3111 799 3180; x_wconf 89' lang='lat' dir='ltr'>bella</span> <span class='ocrx_word' id='word_1_171' title='bbox 823 3111 949 3197; x_wconf 79' lang='lat' dir='ltr'>fruens,</span> <span class='ocrx_word' id='word_1_172' title='bbox 972 3111 1052 3177; x_wconf 88' lang='lat' dir='ltr'>satis</span> <span class='ocrx_word' id='word_1_173' title='bbox 1073 3108 1272 3200; x_wconf 89' lang='lat' dir='ltr'>opulentum,</span> <span class='ocrx_word' id='word_1_174' title='bbox 1295 3109 1426 3178; x_wconf 83' lang='lat' dir='ltr'>civibus</span> <span class='ocrx_word' id='word_1_175' title='bbox 1448 3108 1566 3177; x_wconf 88' lang='lat' dir='ltr'>litteris</span> 
     </span>
     <span class='ocr_line' id='line_1_24' title="bbox 420 3213 1565 3305; baseline -0.002 -24"><span class='ocrx_word' id='word_1_176' title='bbox 420 3217 564 3302; x_wconf 83' lang='lat' dir='ltr'>antiquis</span> <span class='ocrx_word' id='word_1_177' title='bbox 598 3216 787 3305; x_wconf 85' lang='lat' dir='ltr'>artibusque</span> <span class='ocrx_word' id='word_1_178' title='bbox 820 3215 909 3282; x_wconf 93' lang='lat' dir='ltr'>italis</span> <span class='ocrx_word' id='word_1_179' title='bbox 943 3217 1081 3282; x_wconf 89' lang='lat' dir='ltr'>eruditis</span> <span class='ocrx_word' id='word_1_180' title='bbox 1111 3215 1300 3301; x_wconf 91' lang='lat' dir='ltr'>abundans,</span> <span class='ocrx_word' id='word_1_181' title='bbox 1339 3213 1565 3282; x_wconf 84' lang='lat' dir='ltr'>celebrabatur</span> 
     </span>
     <span class='ocr_line' id='line_1_25' title="bbox 419 3319 1565 3411; baseline 0 -25"><span class='ocrx_word' id='word_1_182' title='bbox 419 3344 444 3386; x_wconf 88' lang='lat' dir='ltr'>a</span> <span class='ocrx_word' id='word_1_183' title='bbox 466 3344 576 3389; x_wconf 91' lang='lat' dir='ltr'>rerum</span> <span class='ocrx_word' id='word_1_184' title='bbox 599 3322 813 3411; x_wconf 88' lang='lat' dir='ltr'>scriptoribus</span> <span class='ocrx_word' id='word_1_185' title='bbox 836 3331 869 3389; x_wconf 90' lang='lat' dir='ltr'>et</span> <span class='ocrx_word' id='word_1_186' title='bbox 891 3334 1016 3411; x_wconf 88' lang='lat' dir='ltr'>poterat</span> <span class='ocrx_word' id='word_1_187' title='bbox 1039 3321 1145 3389; x_wconf 88' lang='lat' dir='ltr'>videri</span> <span class='ocrx_word' id='word_1_188' title='bbox 1169 3321 1309 3407; x_wconf 90' lang='lat' dir='ltr'>beatum,</span> <span class='ocrx_word' id='word_1_189' title='bbox 1331 3322 1396 3387; x_wconf 93' lang='lat' dir='ltr'>nisi</span> <span class='ocrx_word' id='word_1_190' title='bbox 1418 3320 1480 3388; x_wconf 92' lang='lat' dir='ltr'>sub</span> <span class='ocrx_word' id='word_1_191' title='bbox 1502 3319 1565 3386; x_wconf 88' lang='lat' dir='ltr'>bac</span> 
     </span>
     <span class='ocr_line' id='line_1_26' title="bbox 424 3428 1567 3517; baseline 0.002 -26"><span class='ocrx_word' id='word_1_192' title='bbox 424 3428 514 3515; x_wconf 86' lang='lat' dir='ltr'>pasis</span> <span class='ocrx_word' id='word_1_193' title='bbox 538 3428 751 3517; x_wconf 77' lang='lat' dir='ltr'>fortunaeque</span> <span class='ocrx_word' id='word_1_194' title='bbox 773 3430 882 3517; x_wconf 88' lang='lat' dir='ltr'>specie</span> <span class='ocrx_word' id='word_1_195' title='bbox 904 3429 1029 3495; x_wconf 89' lang='lat' dir='ltr'>semina</span> <span class='ocrx_word' id='word_1_196' title='bbox 1050 3428 1211 3496; x_wconf 89' lang='lat' dir='ltr'>malorum</span> <span class='ocrx_word' id='word_1_197' title='bbox 1230 3428 1364 3494; x_wconf 88' lang='lat' dir='ltr'>iamiam</span> <span class='ocrx_word' id='word_1_198' title='bbox 1379 3428 1567 3516; x_wconf 89' lang='lat' dir='ltr'>germinan-</span> 
     </span>
     <span class='ocr_line' id='line_1_27' title="bbox 423 3532 1566 3623; baseline 0 -24"><span class='ocrx_word' id='word_1_199' title='bbox 423 3532 469 3599; x_wconf 93' lang='lat' dir='ltr'>tia</span> <span class='ocrx_word' id='word_1_200' title='bbox 491 3532 706 3601; x_wconf 88' lang='lat' dir='ltr'>delituissout.</span> <span class='ocrx_word' id='word_1_201' title='bbox 729 3535 814 3600; x_wconf 87' lang='lat' dir='ltr'>Nam</span> <span class='ocrx_word' id='word_1_202' title='bbox 837 3536 927 3623; x_wconf 88' lang='lat' dir='ltr'>ipsae</span> <span class='ocrx_word' id='word_1_203' title='bbox 949 3534 1124 3603; x_wconf 86' lang='lat' dir='ltr'>adiunctae</span> <span class='ocrx_word' id='word_1_204' title='bbox 1143 3544 1258 3621; x_wconf 87' lang='lat' dir='ltr'>terrae,</span> <span class='ocrx_word' id='word_1_205' title='bbox 1281 3534 1443 3619; x_wconf 75' lang='lat' dir='ltr'>Limenia,</span> <span class='ocrx_word' id='word_1_206' title='bbox 1465 3534 1566 3600; x_wconf 88' lang='lat' dir='ltr'>Pras-</span> 
     </span>
     <span class='ocr_line' id='line_1_28' title="bbox 418 3639 1565 3731; baseline -0.001 -26"><span class='ocrx_word' id='word_1_207' title='bbox 418 3640 488 3727; x_wconf 88' lang='lat' dir='ltr'>sia,</span> <span class='ocrx_word' id='word_1_208' title='bbox 518 3642 683 3729; x_wconf 82' lang='lat' dir='ltr'>Mascula,</span> <span class='ocrx_word' id='word_1_209' title='bbox 720 3665 801 3731; x_wconf 87' lang='lat' dir='ltr'>ques</span> <span class='ocrx_word' id='word_1_210' title='bbox 837 3641 1066 3711; x_wconf 90' lang='lat' dir='ltr'>communibus</span> <span class='ocrx_word' id='word_1_211' title='bbox 1099 3641 1287 3731; x_wconf 88' lang='lat' dir='ltr'>eisdemque</span> <span class='ocrx_word' id='word_1_212' title='bbox 1323 3664 1363 3710; x_wconf 91' lang='lat' dir='ltr'>ac</span> <span class='ocrx_word' id='word_1_213' title='bbox 1396 3639 1565 3711; x_wconf 89' lang='lat' dir='ltr'>Poloniam</span> 
     </span>
     <span class='ocr_line' id='line_1_29' title="bbox 423 3746 1565 3837; baseline 0.002 -25"><span class='ocrx_word' id='word_1_214' title='bbox 423 3746 551 3837; x_wconf 83' lang='lat' dir='ltr'>legibus</span> <span class='ocrx_word' id='word_1_215' title='bbox 581 3748 730 3817; x_wconf 89' lang='lat' dir='ltr'>subicere</span> <span class='ocrx_word' id='word_1_216' title='bbox 760 3749 803 3815; x_wconf 87' lang='lat' dir='ltr'>ad</span> <span class='ocrx_word' id='word_1_217' title='bbox 834 3772 995 3816; x_wconf 88' lang='lat' dir='ltr'>summam</span> <span class='ocrx_word' id='word_1_218' title='bbox 1027 3773 1137 3817; x_wconf 89' lang='lat' dir='ltr'>rerum</span> <span class='ocrx_word' id='word_1_219' title='bbox 1168 3747 1441 3817; x_wconf 87' lang='lat' dir='ltr'>corroborandam</span> <span class='ocrx_word' id='word_1_220' title='bbox 1471 3770 1565 3836; x_wconf 89' lang='lat' dir='ltr'>reges</span> 
     </span>
     <span class='ocr_line' id='line_1_30' title="bbox 420 3854 1566 3945; baseline 0.003 -25"><span class='ocrx_word' id='word_1_221' title='bbox 420 3854 614 3944; x_wconf 87' lang='lat' dir='ltr'>studebant,</span> <span class='ocrx_word' id='word_1_222' title='bbox 648 3858 682 3923; x_wconf 94' lang='lat' dir='ltr'>in</span> <span class='ocrx_word' id='word_1_223' title='bbox 715 3858 914 3924; x_wconf 87' lang='lat' dir='ltr'>contrarium</span> <span class='ocrx_word' id='word_1_224' title='bbox 945 3858 1149 3945; x_wconf 79' lang='lat' dir='ltr'>nitebantur,</span> <span class='ocrx_word' id='word_1_225' title='bbox 1179 3870 1291 3925; x_wconf 82' lang='lat' dir='ltr'>uetera</span> <span class='ocrx_word' id='word_1_226' title='bbox 1321 3856 1566 3945; x_wconf 86' lang='lat' dir='ltr'>singulariaque</span> 
     </span>
     <span class='ocr_line' id='line_1_31' title="bbox 423 3963 1566 4054; baseline 0.001 -26"><span class='ocrx_word' id='word_1_227' title='bbox 423 3963 573 4029; x_wconf 90' lang='lat' dir='ltr'>instituta</span> <span class='ocrx_word' id='word_1_228' title='bbox 594 3986 655 4030; x_wconf 91' lang='lat' dir='ltr'>sua</span> <span class='ocrx_word' id='word_1_229' title='bbox 676 3964 883 4032; x_wconf 88' lang='lat' dir='ltr'>tenacissime</span> <span class='ocrx_word' id='word_1_230' title='bbox 905 3964 1039 4051; x_wconf 79' lang='lat' dir='ltr'>tuend03</span> <span class='ocrx_word' id='word_1_231' title='bbox 1062 3989 1167 4054; x_wconf 87' lang='lat' dir='ltr'>neque</span> <span class='ocrx_word' id='word_1_232' title='bbox 1190 3988 1269 4032; x_wconf 83' lang='lat' dir='ltr'>vero</span> <span class='ocrx_word' id='word_1_233' title='bbox 1291 3988 1351 4031; x_wconf 90' lang='lat' dir='ltr'>sua</span> <span class='ocrx_word' id='word_1_234' title='bbox 1373 3964 1498 4032; x_wconf 82' lang='lat' dir='ltr'>moveri</span> <span class='ocrx_word' id='word_1_235' title='bbox 1521 3964 1566 4030; x_wconf 87' lang='lat' dir='ltr'>si·</span> 
     </span>
     <span class='ocr_line' id='line_1_32' title="bbox 421 4069 1566 4161; baseline 0.003 -27"><span class='ocrx_word' id='word_1_236' title='bbox 421 4069 544 4137; x_wconf 90' lang='lat' dir='ltr'>nebant</span> <span class='ocrx_word' id='word_1_237' title='bbox 573 4069 704 4157; x_wconf 88' lang='lat' dir='ltr'>Poloni,</span> <span class='ocrx_word' id='word_1_238' title='bbox 736 4094 778 4137; x_wconf 87' lang='lat' dir='ltr'>ne</span> <span class='ocrx_word' id='word_1_239' title='bbox 807 4070 887 4160; x_wconf 80' lang='lat' dir='ltr'>quial</span> <span class='ocrx_word' id='word_1_240' title='bbox 918 4070 972 4138; x_wconf 80' lang='lat' dir='ltr'>ale.</span> <span class='ocrx_word' id='word_1_241' title='bbox 990 4074 1092 4161; x_wconf 88' lang='lat' dir='ltr'>partis</span> <span class='ocrx_word' id='word_1_242' title='bbox 1114 4071 1293 4139; x_wconf 89' lang='lat' dir='ltr'>commodis</span> <span class='ocrx_word' id='word_1_243' title='bbox 1320 4070 1566 4161; x_wconf 87' lang='lat' dir='ltr'>privilegiisque</span> 
     </span>
     <span class='ocr_line' id='line_1_33' title="bbox 419 4174 1566 4268; baseline 0.003 -27"><span class='ocrx_word' id='word_1_244' title='bbox 419 4174 636 4265; x_wconf 87' lang='lat' dir='ltr'>deperderent</span> <span class='ocrx_word' id='word_1_245' title='bbox 658 4179 765 4265; x_wconf 81' lang='lat' dir='ltr'>anxii,</span> <span class='ocrx_word' id='word_1_246' title='bbox 796 4201 898 4268; x_wconf 87' lang='lat' dir='ltr'>eaque</span> <span class='ocrx_word' id='word_1_247' title='bbox 927 4190 998 4247; x_wconf 90' lang='lat' dir='ltr'>erat</span> <span class='ocrx_word' id='word_1_248' title='bbox 1028 4178 1242 4268; x_wconf 88' lang='lat' dir='ltr'>complicatae</span> <span class='ocrx_word' id='word_1_249' title='bbox 1271 4178 1364 4267; x_wconf 87' lang='lat' dir='ltr'>regni</span> <span class='ocrx_word' id='word_1_250' title='bbox 1395 4176 1566 4245; x_wconf 85' lang='lat' dir='ltr'>machinae</span> 
     </span>
     <span class='ocr_line' id='line_1_34' title="bbox 419 4284 1565 4375; baseline 0.003 -27"><span class='ocrx_word' id='word_1_251' title='bbox 419 4284 515 4370; x_wconf 89' lang='lat' dir='ltr'>ratio,</span> <span class='ocrx_word' id='word_1_252' title='bbox 543 4296 579 4350; x_wconf 91' lang='lat' dir='ltr'>ut</span> <span class='ocrx_word' id='word_1_253' title='bbox 602 4306 662 4351; x_wconf 89' lang='lat' dir='ltr'>nec</span> <span class='ocrx_word' id='word_1_254' title='bbox 686 4284 853 4353; x_wconf 85' lang='lat' dir='ltr'>corrrmode</span> <span class='ocrx_word' id='word_1_255' title='bbox 878 4287 1001 4375; x_wconf 80' lang='lat' dir='ltr'>moveri</span> <span class='ocrx_word' id='word_1_256' title='bbox 1024 4285 1067 4353; x_wconf 89' lang='lat' dir='ltr'>ab</span> <span class='ocrx_word' id='word_1_257' title='bbox 1091 4309 1169 4353; x_wconf 87' lang='lat' dir='ltr'>sene</span> <span class='ocrx_word' id='word_1_258' title='bbox 1191 4308 1270 4374; x_wconf 86' lang='lat' dir='ltr'>rege</span> <span class='ocrx_word' id='word_1_259' title='bbox 1291 4285 1463 4353; x_wconf 87' lang='lat' dir='ltr'>tralaticiis</span> <span class='ocrx_word' id='word_1_260' title='bbox 1485 4286 1565 4351; x_wconf 90' lang='lat' dir='ltr'>arti·</span> 
     </span>
     <span class='ocr_line' id='line_1_35' title="bbox 422 4388 1564 4482; baseline 0.004 -27"><span class='ocrx_word' id='word_1_261' title='bbox 422 4388 484 4455; x_wconf 88' lang='lat' dir='ltr'>bus</span> <span class='ocrx_word' id='word_1_262' title='bbox 507 4402 603 4478; x_wconf 87' lang='lat' dir='ltr'>atque</span> <span class='ocrx_word' id='word_1_263' title='bbox 625 4392 792 4479; x_wconf 90' lang='lat' dir='ltr'>institutis,</span> <span class='ocrx_word' id='word_1_264' title='bbox 815 4415 876 4460; x_wconf 90' lang='lat' dir='ltr'>nec</span> <span class='ocrx_word' id='word_1_265' title='bbox 900 4392 997 4460; x_wconf 88' lang='lat' dir='ltr'>lacile</span> <span class='ocrx_word' id='word_1_266' title='bbox 1020 4394 1139 4459; x_wconf 90' lang='lat' dir='ltr'>mutari</span> <span class='ocrx_word' id='word_1_267' title='bbox 1162 4405 1259 4482; x_wconf 91' lang='lat' dir='ltr'>atque</span> <span class='ocrx_word' id='word_1_268' title='bbox 1274 4394 1309 4459; x_wconf 91' lang='lat' dir='ltr'>in</span> <span class='ocrx_word' id='word_1_269' title='bbox 1324 4394 1480 4481; x_wconf 89' lang='lat' dir='ltr'>aptiorem</span> <span class='ocrx_word' id='word_1_270' title='bbox 1497 4392 1564 4459; x_wconf 85' lang='lat' dir='ltr'>sor-</span> 
     </span>
     <span class='ocr_line' id='line_1_36' title="bbox 423 4496 1564 4587; baseline 0.003 -26"><span class='ocrx_word' id='word_1_271' title='bbox 423 4518 510 4561; x_wconf 82' lang='lat' dir='ltr'>anam</span> <span class='ocrx_word' id='word_1_272' title='bbox 533 4496 638 4584; x_wconf 87' lang='lat' dir='ltr'>redigi</span> <span class='ocrx_word' id='word_1_273' title='bbox 661 4509 777 4585; x_wconf 82' lang='lat' dir='ltr'>posset</span> <span class='ocrx_word' id='word_1_274' title='bbox 801 4499 859 4584; x_wconf 76' lang='lat' dir='ltr'>Ea,</span> <span class='ocrx_word' id='word_1_275' title='bbox 881 4521 947 4587; x_wconf 92' lang='lat' dir='ltr'>qua</span> <span class='ocrx_word' id='word_1_276' title='bbox 968 4501 1085 4566; x_wconf 92' lang='lat' dir='ltr'>nititur</span> <span class='ocrx_word' id='word_1_277' title='bbox 1107 4502 1155 4567; x_wconf 89' lang='lat' dir='ltr'>rei</span> <span class='ocrx_word' id='word_1_278' title='bbox 1178 4498 1330 4587; x_wconf 90' lang='lat' dir='ltr'>publicae</span> <span class='ocrx_word' id='word_1_279' title='bbox 1344 4498 1442 4584; x_wconf 91' lang='lat' dir='ltr'>salus,</span> <span class='ocrx_word' id='word_1_280' title='bbox 1464 4522 1564 4587; x_wconf 92' lang='lat' dir='ltr'>quse·</span> 
     </span>
     <span class='ocr_line' id='line_1_37' title="bbox 420 4602 1563 4693; baseline 0.002 -26"><span class='ocrx_word' id='word_1_281' title='bbox 420 4622 485 4688; x_wconf 89' lang='lat' dir='ltr'>que</span> <span class='ocrx_word' id='word_1_282' title='bbox 519 4602 605 4690; x_wconf 88' lang='lat' dir='ltr'>apud</span> <span class='ocrx_word' id='word_1_283' title='bbox 641 4602 793 4693; x_wconf 85' lang='lat' dir='ltr'>finitimos</span> <span class='ocrx_word' id='word_1_284' title='bbox 828 4604 1028 4672; x_wconf 86' lang='lat' dir='ltr'>occidentem</span> <span class='ocrx_word' id='word_1_285' title='bbox 1066 4627 1180 4672; x_wconf 85' lang='lat' dir='ltr'>versus</span> <span class='ocrx_word' id='word_1_286' title='bbox 1215 4606 1293 4670; x_wconf 89' lang='lat' dir='ltr'>sitos</span> <span class='ocrx_word' id='word_1_287' title='bbox 1326 4603 1463 4693; x_wconf 88' lang='lat' dir='ltr'>populos</span> <span class='ocrx_word' id='word_1_288' title='bbox 1497 4606 1563 4670; x_wconf 93' lang='lat' dir='ltr'>iam</span> 
     </span>
     <span class='ocr_line' id='line_1_38' title="bbox 421 4694 1564 4800; baseline 0.006 -30"><span class='ocrx_word' id='word_1_289' title='bbox 421 4694 675 4800; x_wconf 57' lang='lat' dir='ltr'>invalescebat,</span> <span class='ocrx_word' id='word_1_290' title='bbox 691 4709 842 4775; x_wconf 90' lang='lat' dir='ltr'>ordinum</span> <span class='ocrx_word' id='word_1_291' title='bbox 866 4713 1073 4798; x_wconf 73' lang='lat' dir='ltr'>teamcrutio,</span> <span class='ocrx_word' id='word_1_292' title='bbox 1103 4710 1191 4798; x_wconf 88' lang='lat' dir='ltr'>apud</span> <span class='ocrx_word' id='word_1_293' title='bbox 1222 4710 1361 4800; x_wconf 92' lang='lat' dir='ltr'>Polonos</span> <span class='ocrx_word' id='word_1_294' title='bbox 1391 4711 1456 4775; x_wconf 84' lang='lat' dir='ltr'>iana</span> <span class='ocrx_word' id='word_1_295' title='bbox 1488 4710 1564 4777; x_wconf 92' lang='lat' dir='ltr'>indo</span> 
     </span>
    </p>
   </div>
   <div class='ocr_carea' id='block_1_2' title="bbox 0 0 2060 5767">
    <p class='ocr_par' dir='ltr' id='par_1_2' title="bbox 0 0 2060 5767">
     <span class='ocr_line' id='line_1_39' title="bbox 0 0 2060 5767; baseline 0 1"><span class='ocrx_word' id='word_1_296' title='bbox 0 0 2060 5767; x_wconf 95' lang='lat' dir='ltr'> </span> 
     </span>
    </p>
   </div>
  </div>
 </body>
</html>
