4109 5767
1021 229 1184 294 484.
1982 237 2137 273 ειη-ιιι
2175 237 2351 272 noun

1662 307 1869 316 “auu-¹0·-
1891 307 2010 315 —1--
2055 307 2224 313 m——-
2278 306 2451 313 -—0—·
2476 306 2916 314 ——--—0—--—--

1663 319 1871 332 W

1988 518 2353 586 LXXVII.

1880 651 1946 701 ln
1992 650 2399 702 Cassiodorum
2421 647 2457 701 ¹.

1238 758 1376 826 Cur
1418 779 1607 845 reges
1652 755 1890 825 tollunt
1933 755 2137 823 vilem
2183 756 2269 821 ad
2317 756 2585 844 fastigia
2629 754 2905 844 plebem,

1345 866 1434 931 Et
1476 886 1719 953 genere
1765 863 2054 930 illustres
2102 863 2555 951 semideosque
2595 864 2948 951 premunt?

1238 972 1387 1039 Non
1432 972 1632 1039 habet
1674 972 2011 1038 abstrusas
2059 993 2311 1057 causas,
2355 980 2460 1036 est
2503 970 2726 1037 dicere
2770 981 3159 1059 promptum,

1348 1079 1563 1147 Istud:
1609 1079 1888 1165 adorari,
1932 1077 2340 1164 Cassiodore,
2385 1076 2634 1145 volunt.

1971 1300 2366 1368 LXXVIII.

1930 1430 1996 1480 In
2032 1430 2356 1479 unholdum
2375 1425 2414 1478 ¹.

1242 1534 1349 1600 Me
1395 1535 1589 1621 cupio
1636 1532 1846 1620 fallas,
1892 1556 2061 1622 quae
2106 1544 2263 1599 sunt
2308 1556 2454 1599 mea
2500 1542 2672 1619 vota,
2718 1485 3011 1599 Rubelli.

1348 1639 1512 1725 Scis,
1556 1640 1808 1726 quare?
1853 1639 1937 1705 de
1981 1650 2046 1705 te
2092 1639 2188 1703 nil
2233 1662 2357 1725 ego
2403 1661 2592 1726 spero
2636 1639 2811 1705 boni.

2012 1854 2343 1922 LXXIX.

1772 2043 1777 2050 .
1885 1986 1966 2035 In
2021 1980 2455 2049 quosdam&

1244 2090 1366 2157 Ille
1412 2091 1615 2180 patris
1662 2090 1864 2158 funus
1909 2090 2168 2178 magnis
2216 2088 2575 2156 ululatibus
2619 2089 2824 2174 effert,

1350 2198 1728 2287 Maestaque
1774 2198 2102 2265 continuis
2146 2196 2410 2265 fletibus
2457 2219 2574 2263 ora
2618 2198 2816 2284 rigat:

1240 2307 1339 2371 Tu
1388 2308 1593 2395 patris
1637 2317 2003 2372 extremum
2050 2305 2268 2371 siccus
2315 2306 2647 2369 comitaris
2691 2303 3023 2389 honorem,

1346 2412 1454 2477 Ad
1500 2423 1565 2478 te
1611 2413 1933 2499 pertineat
1978 2433 2085 2489 res
2131 2409 2313 2476 velut
2358 2411 2486 2474 ista
2529 2408 2714 2474 nihil.

1122 2541 1175 2585 ε.
1236 2519 1335 2584 Tu
1384 2520 1622 2605 minus,
1669 2516 1781 2583 ille
1825 2518 2024 2582 nimis
2072 2515 2256 2599 fecit3
2301 2517 2624 2603 peccastis
2670 2526 2966 2603 uterquc:

1345 2625 1511 2691 Inde
1557 2624 1671 2691 ille
1715 2626 2045 2703 estyisus
2095 2622 2356 2709 femina,
2404 2646 2534 2688 non
2581 2622 2774 2688 homo
2819 2633 2907 2687 tu.

1828 2847 1912 2897 ne
1950 2847 2132 2897 indice
2171 2845 2449 2909 horologii
2470 2842 2510 2894 ⁴.

2025 2950 2318 3017 LXXX.

1242 3078 1418 3158 Quot
1460 3077 1762 3143 volvente
1808 3088 1951 3143 rota
1995 3098 2302 3142 numeros
2347 3075 2866 3160 transmittimus,
2914 3074 3090 3139 istud

1347 3185 1587 3249 Totum
1635 3184 1717 3249 de
1765 3186 1904 3250 vita
1950 3182 2200 3267 cedere,
2246 3181 2459 3268 crede,
2507 3192 2638 3247 tua.

1285 3483 1290 3488 Ι
1442 3481 1448 3487 .
2009 3401 2337 3468 LXXXI.

1243 3527 1492 3615 Cernis,
1538 3527 1856 3617 paulatim
1901 3538 1975 3594 ut
2019 3528 2250 3616 spatiis
2300 3529 2348 3592 it
2389 3526 2584 3617 pulsa
2629 3528 2915 3614 sagitta?

1352 3636 1499 3701 Hoc
1544 3635 1628 3700 ad
1676 3648 1739 3701 te
1788 3647 2078 3721 mortem,
2127 3634 2337 3721 crede,
2384 3636 2611 3700 venire
2655 3634 2886 3721 gradu.

1249 3941 1266 3972 ¹
1304 3942 1459 3995 Corn.
1498 3940 1585 3997 84.

1246 4033 1267 4063 ⁸
1304 4034 1461 4085 Corn.
1498 4032 1585 4086 29.

1250 4122 1271 4152 ³
1307 4125 1462 4176 Corn.
1501 4122 1589 4177 38.

1245 4214 1266 4243 ⁴
1304 4215 1420 4266 Ost.
1462 4213 1569 4268 279
1617 4237 1665 4258 =
1714 4230 1858 4266 corn.
1898 4213 2021 4268 351.
