4109 5767
794 405 822 441 ΙΙ
840 403 971 440 Pomm}
988 369 1192 440 “moliminu-=

528 598 648 665 Omnia
670 597 728 664 sed
750 598 894 685 geticum
916 598 1087 663 resonant¹
1110 596 1433 683 ineompositumque,

580 703 672 770 Inter
694 726 794 790 agaso
816 724 891 767 sues
913 700 1031 767 rudere
1053 698 1149 787 quale
1172 699 1261 786 solet,

466 830 494 875 s.
525 808 681 875 Edietum
704 808 806 873 vestri
829 805 909 872 faoit
930 804 994 871 hoo
1015 805 1158 871 reatoris·
1175 803 1342 872 uoerbum:
1427 806 1429 811 ’
1459 874 1461 879 ,

581 914 695 980 Hostis
717 912 862 979 barbatis
884 922 919 979 et
939 933 1057 977 manus
1080 909 1137 976 illa
1159 910 1261 998 genis.

527 1017 676 1105 Namque
699 1016 823 1106 proaul,
847 1017 977 1103 fugiens
999 1017 1117 1103 ipsum,
1139 1014 1290 1081 disoessit
1312 1014 1439 1103 Apollo,

581 1124 659 1190 Nati
682 1148 723 1191 ne
745 1134 855 1191 tonsas
878 1120 1102 1189 oe1·neretille
1124 1144 1235 1209 genas,

528 1233 776 1322 caesariemque
798 1253 892 1299 suom
914 1230 1041 1320 eripuit.
1064 1229 1150 1297 Nam
1172 1228 1246 1318 quis
1269 1228 1360 1315 soiat,
1382 1228 1444 1297 iste

446 1364 494 1408 ro.
575 1340 687 1409 Ilostis
710 1364 761 1428 aru,
786 1348 821 1407 ut
843 1338 965 1408 barbae
987 1348 1049 1427 eat,
1080 1336 1122 1407 sit
1144 1360 1271 1429 quoque
1294 1348 1326 1407 ot
1348 1335 1404 1405 illo
1425 1336 1559 1405 ocumao?

966 1535 1028 1600 ν]
1106 1566 1108 1569 .

527 1662 595 1729 Gor
617 1660 700 1726 hirei
723 1659 865 1747 seopulis
888 1668 1014 1747 semper
1037 1660 1185 1725 visantur
1207 1658 1243 1725 in
1266 1656 1351 1744 altis,

581 1766 649 1836 (lor
670 1765 743 1833 looa
766 1775 934 1856 paroentes
958 1764 1061 1831 uduo
1084 1787 1210 1853 semper
1232 1773 1351 1851 ament,

527 1874 601 1942 Nou
625 1897 744 1959 ioogno
766 1873 849 1940 seiat
871 1872 933 1940 hoo
955 1871 1136 1941 Academia
1159 1872 1290 1941 iuuota⁸
1313 1872 1454 1965 Lyoaeo,

581 1983 655 2049 Non
679 1982 794 2050 doetus
817 1980 920 2069 Plato,
943 2004 1009 2047 non
1032 2003 1108 2049 aeer
1130 1980 1332 2068 Aristotelea,

465 2114 494 2157 o.
526 2091 600 2157 Non
623 2090 689 2177 alii,
711 2111 922 2178 quoscunque
944 2087 1021 2156 olim
1045 2090 1135 2178 prius
1158 2089 1267 2155 attulit
1289 2110 1417 2175 aevom,

582 2197 664 2277 Quia
688 2196 833 2261 studium
855 2218 965 2262 rerum
988 2198 1074 2262 seire
1097 2206 1226 2284 reposta
1248 2196 1319 2261 fuit.

529 2302 601 2367 Hoo
627 2301 684 2367 sed
707 2323 768 2385 ego
790 2300 909 2383 dioam,
932 2302 1051 2365 nostris
1074 2322 1140 2367 nou
1162 2300 1325 2365 maximus
1348 2300 1453 2386 aunis,

579 2407 699 2470 Dioam
721 2428 782 2491 ego
805 2427 870 2469 non
893 2402 958 2469 illis
981 2406 1112 2491 eognita
1135 2405 1355 2491 Apollinibus:

528 2509 681 2575 Edictum
704 2519 862 2595 metuunt,
886 2510 1072 2597 cultrosque
1095 2510 1233 2575 furentis
1256 2520 1369 2577 soutos

445 2638 493 2683 so.
579 2615 752 2705 Praesidio,
774 2617 810 2698 in
833 2615 969 2683 barbam
991 2639 1072 2704 quos
1095 2616 1256 2684 rotatilis
1279 2616 1401 2683 minax,

525 2722 689 2790 Praesidio
712 2724 762 2790 ira
784 2724 895 2809 truois,
918 2733 1076 2810 metuunt,
1099 2746 1134 2791 se
1156 2723 1297 2810 trudeat,
1319 2722 1415 2809 hirei,

578 2829 686 2894 Radat
707 2830 888 2895 honoratas
902 2840 934 2896 et
957 2830 1044 2895 senis
1066 2831 1117 2895 ira
1138 2852 1248 2917 genas.

525 2934 554 3002 Ο
577 2934 741 3002 hominem
764 2934 884 3001 durum
906 2933 1044 3025 plusque
1066 2936 1287 3024 irumitemqoe
1310 2936 1489 3023 ferumque,

576 3041 641 3107 Per
661 3064 758 3130 quem
781 3040 925 3108 barbatis
948 3064 1014 3109 non
1036 3042 1113 3110 lieet
1135 3064 1206 3109 esse
1229 3082 1272 3125 -.·
1295 3042 1411 3110 ferisl‘

946 3235 1004 3301 VI.
1020 3240 1033 3280 ⁵

524 3360 683 3426 Barbatos
705 3383 835 3449 praeses
857 3383 899 3427 ue
921 3360 1038 3428 siveris
1061 3361 1108 3427 ire
1132 3362 1304 3450 magistros

576 3467 746 3553 Tonsores,
769 3466 876 3554 oredo,
898 3467 1091 3535 oonsuluere
1114 3467 1182 3535 tibi.

526 3730 533 3759 ¹
553 3732 603 3782 Ms.
624 3736 790 3795 ,resouaot“.

524 3818 631 3871 'Corra
657 3820 693 3873 62
716 3836 756 3886 sq.
784 3837 845 3873 oum
870 3822 915 3872 vix
946 3836 964 3872 ι
990 3822 1090 3888 Βομίο
1121 3824 1300 3890 superscripto
1331 3824 1409 3877 titulo
1442 3824 1555 3888 ,Irridet

418 3907 557 3958 aundom‘.

525 3994 536 4025 ⁸
556 3997 596 4047 Ex
614 4003 690 4048 msto.
711 3998 914 4065 uaoswriptum
934 3998 1017 4052 habui
1039 3999 1172 4063 ,ήκω
1195 4002 1319 4053 cetarum
1338 4002 1451 4053 formam
1472 4001 1558 4065 „ses-

414 4085 520 4139 dsmia“
541 4086 617 4138 bravi
635 4088 646 4137 i
663 4087 804 4154 usurparit
821 4104 855 4140 ax
872 4104 946 4141 more
964 4090 1118 4156 posterioris
1137 4090 1196 4143 aori
1216 4099 1362 4158 poetarum.

525 4174 536 4205 ⁴
557 4178 665 4240 βοήν*
686 4178 720 4229 ad
738 4186 880 4247 utrumque
898 4180 1069 4233 enuntiatum
1088 4180 1221 4249 pertinere
1239 4181 1353 4234 ridetur.

525 4264 536 4295 ⁵
555 4266 632 4320 com.
651 4267 694 4322 85.
