4109 5767
1440 300 1514 337 AD
1548 299 1850 336 ΝΙΊῚΠΟΙΒ
1883 300 2015 337 “Ax-
2053 301 2341 345 cotoneo}
2381 301 2653 339 mla-0
3043 268 3174 354 29?

2127 386 2141 390 -
2230 384 2280 391 ..-
2318 384 2359 391 --
2377 384 2437 392 ...-
2456 384 2502 391 -.-
2673 384 2775 392 -u-
2970 373 3178 397 Ἦ

1118 383 1336 391 -.σ--.ῄ--ο
1349 384 1358 389 .

944 516 1047 563 ss.
1108 494 1327 563 Fulva
1371 495 1535 563 alios
1580 495 1760 563 iuvet
1803 504 1870 562 ct
1913 495 2107 587 pleno
2150 497 2374 585 Tagus
2419 496 2666 565 aurifer
2707 520 2918 583 amne,

1114 602 1645 693 Gemmiieroque
1702 602 1915 670 undas
1977 604 2408 672 commiscens
2469 604 2754 672 Hermus
2808 605 3114 698 Hydaspi
3134 610 3181 675 ¹.

1113 710 1299 778 Haec
1344 710 1525 798 alios,
1568 733 1688 777 nos
1731 709 2083 801 Gonzagae
2127 711 2453 802 placuisse
2495 712 2767 780 iuvabit.

2007 1187 2068 1252 6.

1571 1377 1704 1448 Ad
1773 1378 2090 1449 librum
2157 1396 2428 1450 suum
2455 1385 2502 1466 ⁸,

1691 1504 1725 1537 θ
1749 1518 1909 1570 quem
1942 1503 2159 1557 Galesio
2195 1503 2380 1557 mittit.

1113 1660 1303 1728 Vade
1347 1659 1537 1745 liber3
1583 1658 1766 1746 liber,
1812 1670 2114 1729 aeternae
2155 1671 2304 1751 pete
2348 1662 2605 1729 moenia
2647 1662 2910 1751 Romae,

1111 1769 1465 1836 Terrarum
1509 1767 1831 1855 dominae,
1875 1777 2048 1836 totus
2096 1770 2205 1837 cui
2252 1768 2491 1836 militat
2533 1769 2728 1857 orbis,

1114 1876 1355 1945 Sacrae
1400 1875 1732 1945 subiectus
1777 1876 2047 1945 dextrae
2091 1887 2476 1967 sceptroque
2519 1876 2784 1966 potenti,

1113 1987 1263 2067 Qua
1308 1983 1406 2051 sol
1449 1984 1925 2051 flammivomas
1971 1985 2148 2053 facto
2194 1985 2321 2053 ciet
2365 1983 2521 2053 orbe
2564 1984 2918 2076 quadrigas

986 2115 1045 2159 ⁶.
1108 2092 1536 2182 Ostenditque
1577 2093 1753 2160 diem
1800 2094 1992 2161 terris
2037 2103 2423 2184 noctemque
2466 2092 2740 2183 repellit.

1221 2198 1410 2267 Vade
1454 2199 1647 2283 liber3
1693 2199 1878 2285 liber,
1925 2209 2230 2267 aeternae
2273 2211 2419 2289 pete
2464 2202 2720 2268 moenia
2762 2200 3028 2287 Romae,

1108 2306 1391 2393 Magnus
1438 2305 1551 2373 ubi
1597 2305 1854 2394 templis
1900 2305 2222 2373 stellantis
2265 2307 2504 2373 ianitor
2549 2306 2739 2374 aulae

1106 2412 1265 2477 Iura
1307 2412 1466 2477 Pius
1507 2411 1653 2499 figit
1694 2410 2082 2500 populisque
2125 2411 2241 2478 dat
2284 2434 2427 2478 esse
2470 2411 2701 2498 beatis,

1109 2518 1486 2585 Priscorum
1527 2517 1696 2584 ritus
1740 2527 1998 2606 patrum
2044 2525 2112 2585 et
2154 2541 2276 2585 sua
2319 2518 2493 2584 iusta
2538 2518 2798 2585 secutis.

948 2647 1045 2694 ιο.
1227 2624 1578 2694 Sacrarum
1622 2624 1857 2691 dator⁸
1899 2647 2163 2691 ararum
2209 2625 2332 2691 sub
2378 2625 2718 2693 moenibus
2763 2624 2895 2692 illis

1107 2733 1231 2799 Est
1272 2731 1393 2799 tibi
1438 2730 1872 2822 quaerendus3
1916 2755 2047 2798 non
2094 2742 2159 2799 te
2203 2730 2391 2799 labor
2432 2731 2556 2800 iste
2598 2733 2921 2821 gravabit,

1108 2842 1441 2930 Longisve
1485 2840 1732 2908 errabis
1777 2839 2022 2930 spatiis.
2083 2839 2389 2910 Galesius
2434 2840 2583 2908 urbi

1110 2950 1326 3036 Atque
1369 2948 1515 3016 orbi
1557 2958 1769 3035 notus,
1812 2948 1998 3035 liber,
2043 2960 2144 3015 est
2189 2948 2556 3032 adeundus3
2601 2957 2863 3018 euntem

1109 3054 1250 3121 Nec
1293 3056 1407 3121 via
1451 3065 1515 3122 te
1533 3059 1560 3099 ⁴
1604 3054 1810 3121 fallat.
1886 3056 2101 3136 Quem
2155 3055 2363 3122 Roma
2422 3054 2788 3142 frequentat
2838 3063 2906 3121 et
2948 3077 3174 3123 omnes

946 3183 1044 3227 15.
1105 3162 1434 3229 Externae
1475 3171 1719 3251 gentes,
1766 3161 1946 3230 caelo
1990 3162 2113 3228 sub
2161 3172 2434 3251 utroque
2476 3162 2783 3250 iacentes,

1109 3268 1231 3337 Ille
1274 3281 1390 3358 est,
1436 3269 1614 3336 illius
1659 3293 1890 3338 securo
1935 3269 2166 3337 limina
2211 3293 2442 3359 gressu

1108 3377 1383 3465 Prende,
1427 3378 1612 3445 liber.
1672 3379 1767 3446 Te
1812 3378 2180 3444 sarmaticis
2228 3379 2285 3443 si
2329 3377 2539 3445 discet
2581 3377 2666 3445 ab
2711 3379 2843 3445 oris

1107 3483 1491 3571 Advenisse,
1534 3485 1647 3551 via
1692 3484 1939 3551 fessum
1985 3484 2395 3572 fractumque
2440 3482 2679 3569 labore,

890 3648 1151 3657 ———

1110 3740 1127 3773 ¹
1166 3742 1370 3796 Eadem
1407 3744 1540 3810 fere,
1576 3758 1716 3812 quae
1752 3759 1838 3796 vv,
1876 3741 2092 3798 δί’-87
2128 3744 2380 3813 leguntur
2414 3743 2581 3796 etiam
2617 3743 2673 3795 in
2698 3742 3061 3811 propemptico
3099 3741 3171 3795 ad

889 3831 1275 3897 Gmlhelmum,
1311 3831 1618 3900 episcopum
1652 3832 2047 3886 olomucensem
2083 3848 2171 3884 vv.
2210 3830 2441 3886 28-81.

1109 3917 1131 3949 ²
1167 3923 1285 3977 00⁸.
1325 3917 1431 3977 124
1458 3944 1506 3967 ι-
1543 3937 1687 3976 corn.
1726 3918 1848 3976 248.
1888 3921 2113 3974 Librum
2147 3921 2295 3975 hunc
2330 3937 2447 3975 osse
2484 3920 2598 3973 siun
2638 3920 2947 3974 luci-iones
2986 3919 3173 3971 Litus·-

894 4010 1047 4064 nicas
1082 4016 1235 4078 patet
1256 4027 1321 4065 ex
1347 4027 1434 4065 vv.
1460 4010 1531 4065 22
1550 4027 1663 4079 sqq.
1701 4011 1875 4064 Mittit
1899 4020 2082 4065 autem
2106 4012 2304 4064 librum
2327 4013 2548 4063 Romam
2566 4010 2798 4064 Galesio.
2838 4010 2989 4062 Gonf.
3011 4025 3060 4061 v.
3084 4009 3170 4063 12.

1108 4099 1131 4130 ⁸
1164 4118 1262 4154 ms.
1304 4102 1546 4166 „datur⁸.
1606 4101 1884 4156 Galesium
1918 4101 2165 4155 datariae
2200 4117 2454 4154 romanae
2484 4100 2816 4169 praefectum
2841 4100 2955 4153 sive
2979 4099 3174 4168 proda-

888 4189 1095 4241 ·tarium
1130 4190 1564 4259 cardinalemque
1598 4190 1694 4243 Pio
1730 4192 1809 4243 IV
1843 4189 2096 4258 pontifice
2131 4195 2392 4258 regnante
2430 4190 2596 4241 fuisse
2643 4188 2733 4241 hic
2769 4189 2918 4241 locus
2965 4188 3174 4241 indicat

890 4278 1059 4344 (conf.
1099 4294 1148 4329 v.
1186 4277 1257 4331 22
1293 4296 1370 4348 sq.
1407 4286 1464 4331 et
1498 4296 1586 4347 με.
1624 4278 1768 4347 292),
1804 4278 1898 4331 sed
1936 4278 2153 4332 aliunde
2189 4278 2327 4330 nihil
2360 4278 2428 4331 de
2464 4293 2527 4331 eo
2563 4277 2836 4345 cognitum
2874 4276 3062 4330 habeo.

1108 4365 1133 4397 ⁴
1169 4368 1339 4419 Gnaei.
1383 4351 1495 4431 „Rs
1531 4368 1623 4419 via
1660 4370 1767 4432 ω’,
1804 4384 1951 4420 corn.
1991 4369 2137 4431 „Nee
2174 4367 2264 4419 via
2303 4369 2404 4419 ω’.
